%% This BibTeX bibliography file was created using BibDesk.
%% http://bibdesk.sourceforge.net/

%% Created for John Moustakas at 2019-05-13 23:24:40 -0400 


%% Saved with string encoding Unicode (UTF-8) 

@ARTICLE{ jones17a,
       author = {{Jones}, A.~P. and {K{\"o}hler}, M. and {Ysard}, N. and {Bocchio}, M. and {Verstraete}, L.},
        title = "{The global dust modelling framework THEMIS}",
      journal = {\aap},
     keywords = {dust, extinction, ISM: general, Astrophysics - Astrophysics of Galaxies},
         year = 2017,
        month = jun,
       volume = {602},
          eid = {A46},
        pages = {A46},
          doi = {10.1051/0004-6361/201630225},
archivePrefix = {arXiv},
       eprint = {1703.00775},
 primaryClass = {astro-ph.GA},
       adsurl = {https://ui.adsabs.harvard.edu/abs/2017A&A...602A..46J},
      adsnote = {Provided by the SAO/NASA Astrophysics Data System}
}

@ARTICLE{ marinacci19a,
       author = {{Marinacci}, Federico and {Sales}, Laura V. and {Vogelsberger}, Mark and {Torrey}, Paul and {Springel}, Volker},
        title = "{Simulating the interstellar medium and stellar feedback on a moving mesh: implementation and isolated galaxies}",
      journal = {\mnras},
     keywords = {ISM: general, galaxies: evolution, galaxies: formation, galaxies: ISM, Astrophysics - Astrophysics of Galaxies},
         year = 2019,
        month = nov,
       volume = {489},
       number = {3},
        pages = {4233-4260},
          doi = {10.1093/mnras/stz2391},
archivePrefix = {arXiv},
       eprint = {1905.08806},
 primaryClass = {astro-ph.GA},
       adsurl = {https://ui.adsabs.harvard.edu/abs/2019MNRAS.489.4233M},
      adsnote = {Provided by the SAO/NASA Astrophysics Data System}
}



@ARTICLE{ leitherer99a,
       author = {{Leitherer}, Claus and {Schaerer}, Daniel and {Goldader}, Jeffrey D. and {Delgado}, Rosa M. Gonz{\'a}lez and {Robert}, Carmelle and {Kune}, Denis Foo and {de Mello}, Du{\'\i}lia F. and {Devost}, Daniel and {Heckman}, Timothy M.},
        title = "{Starburst99: Synthesis Models for Galaxies with Active Star Formation}",
      journal = {\apjs},
     keywords = {GALAXIES: EVOLUTION, GALAXIES: FUNDAMENTAL PARAMETERS, GALAXIES: STARBURST, GALAXIES: STELLAR CONTENT, METHODS: NUMERICAL, Galaxies: Evolution, Galaxies: Fundamental Parameters, Galaxies: Starburst, Galaxies: Stellar Content, Methods: Numerical, Astrophysics},
         year = 1999,
        month = jul,
       volume = {123},
       number = {1},
        pages = {3-40},
          doi = {10.1086/313233},
archivePrefix = {arXiv},
       eprint = {astro-ph/9902334},
 primaryClass = {astro-ph},
       adsurl = {https://ui.adsabs.harvard.edu/abs/1999ApJS..123....3L},
      adsnote = {Provided by the SAO/NASA Astrophysics Data System}
}



@ARTICLE{ groves08a,
       author = {{Groves}, Brent and {Dopita}, Michael A. and {Sutherland}, Ralph S. and {Kewley}, Lisa J. and {Fischera}, J{\"o}rg and {Leitherer}, Claus and {Brandl}, Bernhard and {van Breugel}, Wil},
        title = "{Modeling the Pan-Spectral Energy Distribution of Starburst Galaxies. IV. The Controlling Parameters of the Starburst SED}",
      journal = {\apjs},
     keywords = {dust, extinction, galaxies: general, galaxies: starburst, H II regions, infrared: galaxies, radio continuum: galaxies, stars: formation, ultraviolet: galaxies, Astrophysics},
         year = 2008,
        month = jun,
       volume = {176},
       number = {2},
        pages = {438-456},
          doi = {10.1086/528711},
archivePrefix = {arXiv},
       eprint = {0712.1824},
 primaryClass = {astro-ph},
       adsurl = {https://ui.adsabs.harvard.edu/abs/2008ApJS..176..438G},
      adsnote = {Provided by the SAO/NASA Astrophysics Data System}
}



@ARTICLE{ narayanan21a,
       author = {{Narayanan}, Desika and {Turk}, Matthew J. and {Robitaille}, Thomas and {Kelly}, Ashley J. and {McClellan}, B. Connor and {Sharma}, Ray S. and {Garg}, Prerak and {Abruzzo}, Matthew and {Choi}, Ena and {Conroy}, Charlie and {Johnson}, Benjamin D. and {Kimock}, Benjamin and {Li}, Qi and {Lovell}, Christopher C. and {Lower}, Sidney and {Privon}, George C. and {Roberts}, Jonathan and {Sethuram}, Snigdaa and {Snyder}, Gregory F. and {Thompson}, Robert and {Wise}, John H.},
        title = "{POWDERDAY: Dust Radiative Transfer for Galaxy Simulations}",
      journal = {\apjs},
     keywords = {Galaxy evolution, Galaxy luminosities, Astronomy software, Open source software, Radiative transfer simulations, 594, 603, 1855, 1866, 1967, Astrophysics - Astrophysics of Galaxies},
         year = 2021,
        month = jan,
       volume = {252},
       number = {1},
          eid = {12},
        pages = {12},
          doi = {10.3847/1538-4365/abc487},
archivePrefix = {arXiv},
       eprint = {2006.10757},
 primaryClass = {astro-ph.GA},
       adsurl = {https://ui.adsabs.harvard.edu/abs/2021ApJS..252...12N},
      adsnote = {Provided by the SAO/NASA Astrophysics Data System}
}

@ARTICLE{ johnson20a,
       author = {{Johnson}, Benjamin D. and {Leja}, Joel and {Conroy}, Charlie and {Speagle}, Joshua S.},
        title = "{Stellar Population Inference with Prospector}",
      journal = {arXiv e-prints},
     keywords = {Astrophysics - Astrophysics of Galaxies, Astrophysics - Instrumentation and Methods for Astrophysics},
         year = 2020,
        month = dec,
          eid = {arXiv:2012.01426},
        pages = {arXiv:2012.01426},
archivePrefix = {arXiv},
       eprint = {2012.01426},
 primaryClass = {astro-ph.GA},
       adsurl = {https://ui.adsabs.harvard.edu/abs/2020arXiv201201426J},
      adsnote = {Provided by the SAO/NASA Astrophysics Data System}
}

@ARTICLE{ lower20a,
       author = {{Lower}, Sidney and {Narayanan}, Desika and {Leja}, Joel and {Johnson}, Benjamin D. and {Conroy}, Charlie and {Dav{\'e}}, Romeel},
        title = "{How Well Can We Measure the Stellar Mass of a Galaxy: The Impact of the Assumed Star Formation History Model in SED Fitting}",
      journal = {\apj},
     keywords = {Astronomy data modeling, Hydrodynamical simulations, Stellar masses, Galaxy properties, Spectral energy distribution, Radiative transfer simulations, 1859, 767, 1614, 615, 2129, 1967, Astrophysics - Astrophysics of Galaxies},
         year = 2020,
        month = nov,
       volume = {904},
       number = {1},
          eid = {33},
        pages = {33},
          doi = {10.3847/1538-4357/abbfa7},
archivePrefix = {arXiv},
       eprint = {2006.03599},
 primaryClass = {astro-ph.GA},
       adsurl = {https://ui.adsabs.harvard.edu/abs/2020ApJ...904...33L},
      adsnote = {Provided by the SAO/NASA Astrophysics Data System}
}

@ARTICLE{ salim20a,
       author = {{Salim}, Samir and {Narayanan}, Desika},
        title = "{The Dust Attenuation Law in Galaxies}",
      journal = {\araa},
     keywords = {Astrophysics - Astrophysics of Galaxies},
         year = 2020,
        month = aug,
       volume = {58},
        pages = {529-575},
          doi = {10.1146/annurev-astro-032620-021933},
archivePrefix = {arXiv},
       eprint = {2001.03181},
 primaryClass = {astro-ph.GA},
       adsurl = {https://ui.adsabs.harvard.edu/abs/2020ARA&A..58..529S},
      adsnote = {Provided by the SAO/NASA Astrophysics Data System}
}

@ARTICLE{ alsing20a,
       author = {{Alsing}, Justin and {Peiris}, Hiranya and {Leja}, Joel and {Hahn}, ChangHoon and {Tojeiro}, Rita and {Mortlock}, Daniel and {Leistedt}, Boris and {Johnson}, Benjamin D. and {Conroy}, Charlie},
        title = "{SPECULATOR: Emulating Stellar Population Synthesis for Fast and Accurate Galaxy Spectra and Photometry}",
      journal = {\apjs},
     keywords = {Galaxies, Neural networks, Galaxy photometry, 573, 1933, 611, Astrophysics - Instrumentation and Methods for Astrophysics, Astrophysics - Astrophysics of Galaxies},
         year = 2020,
        month = jul,
       volume = {249},
       number = {1},
          eid = {5},
        pages = {5},
          doi = {10.3847/1538-4365/ab917f},
archivePrefix = {arXiv},
       eprint = {1911.11778},
 primaryClass = {astro-ph.IM},
       adsurl = {https://ui.adsabs.harvard.edu/abs/2020ApJS..249....5A},
      adsnote = {Provided by the SAO/NASA Astrophysics Data System}
}

@INPROCEEDINGS{ baes20a,
       author = {{Baes}, Maarten},
        title = "{Panchromatic SED fitting codes and modelling techniques}",
     keywords = {galaxies: stellar content, galaxies: ISM, infrared: galaxies, ultraviolet: galaxies, methods: statistical, dust, extinction, radiative transfer, Astrophysics - Astrophysics of Galaxies},
    booktitle = {Panchromatic Modelling with Next Generation Facilities},
         year = 2020,
       editor = {{Boquien}, M{\'e}d{\'e}ric and {Lusso}, Elisabeta and {Gruppioni}, Carlotta and {Tissera}, Patricia},
       volume = {341},
        month = jan,
        pages = {26-34},
          doi = {10.1017/S1743921319003016},
archivePrefix = {arXiv},
       eprint = {1910.04065},
 primaryClass = {astro-ph.GA},
       adsurl = {https://ui.adsabs.harvard.edu/abs/2020IAUS..341...26B},
      adsnote = {Provided by the SAO/NASA Astrophysics Data System}
}



@ARTICLE{ battisti20a,
       author = {{Battisti}, A.~J. and {Cunha}, E. da and {Shivaei}, I. and {Calzetti}, D.},
        title = "{The Strength of the 2175 {\r{A}} Feature in the Attenuation Curves of Galaxies at 0.1 < z {\ensuremath{\lesssim}} 3}",
      journal = {\apj},
     keywords = {594, 836, 790, 847, 837, Astrophysics - Astrophysics of Galaxies},
         year = 2020,
        month = jan,
       volume = {888},
       number = {2},
          eid = {108},
        pages = {108},
          doi = {10.3847/1538-4357/ab5fdd},
archivePrefix = {arXiv},
       eprint = {1912.05206},
 primaryClass = {astro-ph.GA},
       adsurl = {https://ui.adsabs.harvard.edu/abs/2020ApJ...888..108B},
      adsnote = {Provided by the SAO/NASA Astrophysics Data System}
}

@ARTICLE{ buat14a,
       author = {{Buat}, V. and {Heinis}, S. and {Boquien}, M. and {Burgarella}, D. and {Charmandaris}, V. and {Boissier}, S. and {Boselli}, A. and {Le Borgne}, D. and {Morrison}, G.},
        title = "{Ultraviolet to infrared emission of z > 1 galaxies: Can we derive reliable star formation rates and stellar masses?}",
      journal = {\aap},
     keywords = {galaxies: high-redshift, galaxies: evolution, galaxies: photometry, Astrophysics - Cosmology and Nongalactic Astrophysics},
         year = 2014,
        month = jan,
       volume = {561},
          eid = {A39},
        pages = {A39},
          doi = {10.1051/0004-6361/201322081},
archivePrefix = {arXiv},
       eprint = {1310.7712},
 primaryClass = {astro-ph.CO},
       adsurl = {https://ui.adsabs.harvard.edu/abs/2014A&A...561A..39B},
      adsnote = {Provided by the SAO/NASA Astrophysics Data System}
}

@ARTICLE{ smith18a,
       author = {{Smith}, Daniel J.~B. and {Hayward}, Christopher C.},
        title = "{Panchromatic SED modelling of spatially resolved galaxies}",
      journal = {\mnras},
     keywords = {radiative transfer, dust, extinction, galaxies: fundamental parameters, galaxies: ISM, galaxies: stellar content, infrared: galaxies, Astrophysics - Astrophysics of Galaxies},
         year = 2018,
        month = may,
       volume = {476},
       number = {2},
        pages = {1705-1725},
          doi = {10.1093/mnras/sty311},
archivePrefix = {arXiv},
       eprint = {1802.02587},
 primaryClass = {astro-ph.GA},
       adsurl = {https://ui.adsabs.harvard.edu/abs/2018MNRAS.476.1705S},
      adsnote = {Provided by the SAO/NASA Astrophysics Data System}
}

@ARTICLE{ hayward15a,
       author = {{Hayward}, Christopher C. and {Smith}, Daniel J.~B.},
        title = "{Should we believe the results of ultraviolet-millimetre galaxy spectral energy distribution modelling?}",
      journal = {\mnras},
     keywords = {radiative transfer, dust, extinction, galaxies: fundamental parameters, galaxies: ISM, galaxies: stellar content, infrared: galaxies, Astrophysics - Astrophysics of Galaxies, Astrophysics - Instrumentation and Methods for Astrophysics},
         year = 2015,
        month = jan,
       volume = {446},
       number = {2},
        pages = {1512-1535},
          doi = {10.1093/mnras/stu2195},
archivePrefix = {arXiv},
       eprint = {1409.6332},
 primaryClass = {astro-ph.GA},
       adsurl = {https://ui.adsabs.harvard.edu/abs/2015MNRAS.446.1512H},
      adsnote = {Provided by the SAO/NASA Astrophysics Data System}
}



@ARTICLE{ smith15a,
       author = {{Smith}, Daniel J.~B. and {Hayward}, Christopher C.},
        title = "{Deriving star formation histories from photometry using energy balance spectral energy distribution modelling}",
      journal = {\mnras},
     keywords = {radiative transfer, dust, extinction, galaxies: fundamental parameters, galaxies: ISM, galaxies: stellar content, infrared: galaxies, Astrophysics - Astrophysics of Galaxies},
         year = 2015,
        month = oct,
       volume = {453},
       number = {2},
        pages = {1597-1607},
          doi = {10.1093/mnras/stv1727},
archivePrefix = {arXiv},
       eprint = {1507.07554},
 primaryClass = {astro-ph.GA},
       adsurl = {https://ui.adsabs.harvard.edu/abs/2015MNRAS.453.1597S},
      adsnote = {Provided by the SAO/NASA Astrophysics Data System}
}



@ARTICLE{ lopezfernandez18a,
       author = {{L{\'o}pez Fern{\'a}ndez}, R. and {Gonz{\'a}lez Delgado}, R.~M. and
         {P{\'e}rez}, E. and {Garc{\'\i}a-Benito}, R. and {Cid Fernandes}, R. and
         {Schoenell}, W. and {S{\'a}nchez}, S.~F. and {Gallazzi}, A. and
         {S{\'a}nchez-Bl{\'a}zquez}, P. and {Vale Asari}, N. and
         {Walcher}, C.~J.},
        title = "{Cosmic evolution of the spatially resolved star formation rate and stellar mass of the CALIFA survey}",
      journal = {\aap},
     keywords = {galaxies: evolution, galaxies: stellar content, techniques: imaging spectroscopy, Astrophysics - Astrophysics of Galaxies},
         year = 2018,
        month = jul,
       volume = {615},
          eid = {A27},
        pages = {A27},
          doi = {10.1051/0004-6361/201732358},
archivePrefix = {arXiv},
       eprint = {1802.10118},
 primaryClass = {astro-ph.GA},
       adsurl = {https://ui.adsabs.harvard.edu/abs/2018A&A...615A..27L},
      adsnote = {Provided by the SAO/NASA Astrophysics Data System}
}



@ARTICLE{ gonzalezdelgado17a, 
       author = {{Gonz{\'a}lez Delgado}, R.~M. and {P{\'e}rez}, E. and {Cid Fernand
        es}, R. and {Garc{\'\i}a-Benito}, R. and {L{\'o}pez Fern{\'a}ndez}, R. and
         {Vale Asari}, N. and {Cortijo-Ferrero}, C. and {de Amorim}, A.~L. and
         {Lacerda}, E.~A.~D. and {S{\'a}nchez}, S.~F. and {Lehnert}, M.~D. and
         {Walcher}, C.~J.},
        title = "{Spatially-resolved star formation histories of CALIFA galaxies. Implications for galaxy formation}",
      journal = {\aap},
     keywords = {galaxies: evolution, Galaxy: stellar content, Astrophysics - Astrophysics of Galaxies},
         year = 2017,
        month = nov,
       volume = {607},
          eid = {A128},
        pages = {A128},
          doi = {10.1051/0004-6361/201730883},
archivePrefix = {arXiv},
       eprint = {1706.06119},
 primaryClass = {astro-ph.GA},
       adsurl = {https://ui.adsabs.harvard.edu/abs/2017A&A...607A.128G},
      adsnote = {Provided by the SAO/NASA Astrophysics Data System}
}

@ARTICLE{ hahn15a,
       author = {{Hahn}, ChangHoon and {Blanton}, Michael R. and {Moustakas}, John and
         {Coil}, Alison L. and {Cool}, Richard J. and {Eisenstein}, Daniel J. and
         {Skibba}, Ramin A. and {Wong}, Kenneth C. and {Zhu}, Guangtun},
        title = "{PRIMUS: Effects of Galaxy Environment on the Quiescent Fraction Evolution at $z <$ 0.8}",
      journal = {\apj},
     keywords = {cosmology: observations, galaxies: evolution, galaxies: groups: general, galaxies: star formation, galaxies: statistics, Astrophysics - Astrophysics of Galaxies},
         year = 2015,
        month = jun,
       volume = {806},
       number = {2},
          eid = {162},
        pages = {162},
          doi = {10.1088/0004-637X/806/2/162},
archivePrefix = {arXiv},
       eprint = {1412.7162},
 primaryClass = {astro-ph.GA},
       adsurl = {https://ui.adsabs.harvard.edu/abs/2015ApJ...806..162H},
      adsnote = {Provided by the SAO/NASA Astrophysics Data System}
}



@ARTICLE{ hahn19a,
       author = {{Hahn}, ChangHoon and {Tinker}, Jeremy L. and {Wetzel}, Andrew},
        title = "{Constraining Star Formation Histories of Blue Galaxies using the Scatter between Stellar Mass and Halo Mass}",
      journal = {arXiv e-prints},
     keywords = {Astrophysics - Astrophysics of Galaxies, Astrophysics - Cosmology and Nongalactic Astrophysics},
         year = 2019,
        month = oct,
          eid = {arXiv:1910.01644},
        pages = {arXiv:1910.01644},
archivePrefix = {arXiv},
       eprint = {1910.01644},
 primaryClass = {astro-ph.GA},
       adsurl = {https://ui.adsabs.harvard.edu/abs/2019arXiv191001644H},
      adsnote = {Provided by the SAO/NASA Astrophysics Data System}
}



@ARTICLE{ wetzel13a,
       author = {{Wetzel}, Andrew R. and {Tinker}, Jeremy L. and {Conroy}, Charlie and
         {van den Bosch}, Frank C.},
        title = "{Galaxy evolution in groups and clusters: satellite star formation histories and quenching time-scales in a hierarchical Universe}",
      journal = {\mnras},
     keywords = {methods: numerical, galaxies: clusters: general, galaxies: evolution, galaxies: groups: general, galaxies: haloes, galaxies: star formation, Astrophysics - Cosmology and Nongalactic Astrophysics, Astrophysics - Astrophysics of Galaxies},
         year = 2013,
        month = jun,
       volume = {432},
       number = {1},
        pages = {336-358},
          doi = {10.1093/mnras/stt469},
archivePrefix = {arXiv},
       eprint = {1206.3571},
 primaryClass = {astro-ph.CO},
       adsurl = {https://ui.adsabs.harvard.edu/abs/2013MNRAS.432..336W},
      adsnote = {Provided by the SAO/NASA Astrophysics Data System}
}



@ARTICLE{ davies17a,
       author = {{Davies}, J.~I. and {Baes}, M. and {Bianchi}, S. and {Jones}, A. and
         {Madden}, S. and {Xilouris}, M. and {Bocchio}, M. and {Casasola}, V. and
         {Cassara}, L. and {Clark}, C. and {De Looze}, I. and {Evans}, R. and
         {Fritz}, J. and {Galametz}, M. and {Galliano}, F. and {Lianou}, S. and
         {Mosenkov}, A.~V. and {Smith}, M. and {Verstocken}, S. and
         {Viaene}, S. and {Vika}, M. and {Wagle}, G. and {Ysard}, N.},
        title = "{DustPedia: A Definitive Study of Cosmic Dust in the Local Universe}",
      journal = {\pasp},
     keywords = {Astrophysics - Astrophysics of Galaxies, Astrophysics - Cosmology and Nongalactic Astrophysics},
         year = 2017,
        month = apr,
       volume = {129},
       number = {974},
        pages = {044102},
          doi = {10.1088/1538-3873/129/974/044102},
archivePrefix = {arXiv},
       eprint = {1609.06138},
 primaryClass = {astro-ph.GA},
       adsurl = {https://ui.adsabs.harvard.edu/abs/2017PASP..129d4102D},
      adsnote = {Provided by the SAO/NASA Astrophysics Data System}
}

@ARTICLE{ iyer19a,
       author = {{Iyer}, Kartheik G. and {Gawiser}, Eric and {Faber}, Sandra M. and
         {Ferguson}, Henry C. and {Kartaltepe}, Jeyhan and
         {Koekemoer}, Anton M. and {Pacifici}, Camilla and
         {Somerville}, Rachel S.},
        title = "{Nonparametric Star Formation History Reconstruction with Gaussian Processes. I. Counting Major Episodes of Star Formation}",
      journal = {\apj},
     keywords = {galaxies: evolution, galaxies: fundamental parameters, galaxies: star formation, galaxies: statistics, techniques: photometric, Astrophysics - Astrophysics of Galaxies},
         year = 2019,
        month = jul,
       volume = {879},
       number = {2},
          eid = {116},
        pages = {116},
          doi = {10.3847/1538-4357/ab2052},
archivePrefix = {arXiv},
       eprint = {1901.02877},
 primaryClass = {astro-ph.GA},
       adsurl = {https://ui.adsabs.harvard.edu/abs/2019ApJ...879..116I},
      adsnote = {Provided by the SAO/NASA Astrophysics Data System}
}



@ARTICLE{ boecker20a,
       author = {{Boecker}, Alina and {Leaman}, Ryan and {van de Ven}, Glenn and
         {Norris}, Mark A. and {Mackereth}, J. Ted and {Crain}, Robert A.},
        title = "{A galaxy's accretion history unveiled from its integrated spectrum}",
      journal = {\mnras},
     keywords = {galaxies: evolution, galaxies: formation, Astrophysics - Astrophysics of Galaxies, Astrophysics - Cosmology and Nongalactic Astrophysics},
         year = 2020,
        month = jan,
       volume = {491},
       number = {1},
        pages = {823-837},
          doi = {10.1093/mnras/stz3077},
archivePrefix = {arXiv},
       eprint = {1903.11089},
 primaryClass = {astro-ph.GA},
       adsurl = {https://ui.adsabs.harvard.edu/abs/2020MNRAS.491..823B},
      adsnote = {Provided by the SAO/NASA Astrophysics Data System}
}



@ARTICLE{ camps20a,
       author = {{Camps}, P. and {Baes}, M.},
        title = "{SKIRT 9: Redesigning an advanced dust radiative transfer code to allow kinematics, line transfer and polarization by aligned dust grains}",
      journal = {Astronomy and Computing},
     keywords = {Radiative transfer, Dust, ISM, Numerical methods, Software design, Astrophysics - Astrophysics of Galaxies},
         year = 2020,
        month = apr,
       volume = {31},
          eid = {100381},
        pages = {100381},
          doi = {10.1016/j.ascom.2020.100381},
archivePrefix = {arXiv},
       eprint = {2003.00721},
 primaryClass = {astro-ph.GA},
       adsurl = {https://ui.adsabs.harvard.edu/abs/2020A&C....3100381C},
      adsnote = {Provided by the SAO/NASA Astrophysics Data System}
}


@ARTICLE{ zhu11a,
       author = {{Zhu}, Guangtun and {Blanton}, Michael R. and {Burles}, Scott M. and
         {Coil}, Alison L. and {Cool}, Richard J. and {Eisenstein}, Daniel J. and
         {Moustakas}, John and {Wong}, Kenneth C. and {Aird}, James},
        title = "{PRIMUS: Obscured Star Formation on the Red Sequence}",
      journal = {\apj},
     keywords = {dust, extinction, galaxies: distances and redshifts, galaxies: evolution, galaxies: fundamental parameters, stars: formation, Astrophysics - Cosmology and Nongalactic Astrophysics},
         year = 2011,
        month = jan,
       volume = {726},
       number = {2},
          eid = {110},
        pages = {110},
          doi = {10.1088/0004-637X/726/2/110},
archivePrefix = {arXiv},
       eprint = {1011.4308},
 primaryClass = {astro-ph.CO},
       adsurl = {https://ui.adsabs.harvard.edu/abs/2011ApJ...726..110Z},
      adsnote = {Provided by the SAO/NASA Astrophysics Data System}
}



@ARTICLE{ darvish16a,
       author = {{Darvish}, Behnam and {Mobasher}, Bahram and {Sobral}, David and
         {Rettura}, Alessandro and {Scoville}, Nick and {Faisst}, Andreas and
         {Capak}, Peter},
        title = "{The Effects of the Local Environment and Stellar Mass on Galaxy Quenching to $z\sim$ 3}",
      journal = {\apj},
     keywords = {galaxies: evolution, galaxies: high-redshift, large-scale structure of universe, Astrophysics - Astrophysics of Galaxies},
         year = 2016,
        month = jul,
       volume = {825},
       number = {2},
          eid = {113},
        pages = {113},
          doi = {10.3847/0004-637X/825/2/113},
archivePrefix = {arXiv},
       eprint = {1605.03182},
 primaryClass = {astro-ph.GA},
       adsurl = {https://ui.adsabs.harvard.edu/abs/2016ApJ...825..113D},
      adsnote = {Provided by the SAO/NASA Astrophysics Data System}
}



@ARTICLE{ peterken20a,
       author = {{Peterken}, Thomas and {Merrifield}, Michael and
         {Arag{\'o}n-Salamanca}, Alfonso and {Fraser-McKelvie}, Amelia and
         {Avila-Reese}, Vladimir and {Riffel}, Rog{\'e}rio and {Knapen}, Johan and
         {Drory}, Niv},
        title = "{SDSS-IV MaNGA: Excavating the fossil record of stellar populations in spiral galaxies}",
      journal = {\mnras},
     keywords = {galaxies: evolution, galaxies: formation, galaxies: spiral, galaxies: structure, Astrophysics - Astrophysics of Galaxies},
         year = 2020,
        month = may,
       volume = {495},
       number = {3},
        pages = {3387-3402},
          doi = {10.1093/mnras/staa1303},
archivePrefix = {arXiv},
       eprint = {2005.03012},
 primaryClass = {astro-ph.GA},
       adsurl = {https://ui.adsabs.harvard.edu/abs/2020MNRAS.495.3387P},
      adsnote = {Provided by the SAO/NASA Astrophysics Data System}
}



@ARTICLE{ smethurst18a,
       author = {{Smethurst}, R.~J. and {Masters}, K.~L. and {Lintott}, C.~J. and
         {Weijmans}, A. and {Merrifield}, M. and {Penny}, S.~J. and
         {Arag{\'o}n-Salamanca}, A. and {Brownstein}, J. and {Bundy}, K. and
         {Drory}, N. and {Law}, D.~R. and {Nichol}, R.~C.},
        title = "{SDSS-IV MaNGA: the different quenching histories of fast and slow rotators}",
      journal = {\mnras},
     keywords = {galaxies: general, galaxy: photometry, galaxies: statistics, Astrophysics - Astrophysics of Galaxies},
         year = 2018,
        month = jan,
       volume = {473},
       number = {2},
        pages = {2679-2687},
          doi = {10.1093/mnras/stx2547},
archivePrefix = {arXiv},
       eprint = {1709.09175},
 primaryClass = {astro-ph.GA},
       adsurl = {https://ui.adsabs.harvard.edu/abs/2018MNRAS.473.2679S},
      adsnote = {Provided by the SAO/NASA Astrophysics Data System}
}



@ARTICLE{ carnall18a,
       author = {{Carnall}, A.~C. and {McLure}, R.~J. and {Dunlop}, J.~S. and
         {Dav{\'e}}, R.},
        title = "{Inferring the star formation histories of massive quiescent galaxies with BAGPIPES: evidence for multiple quenching mechanisms}",
      journal = {\mnras},
     keywords = {methods: statistical, galaxies: evolution, galaxies: star formation, Astrophysics - Astrophysics of Galaxies, Astrophysics - Instrumentation and Methods for Astrophysics},
         year = 2018,
        month = nov,
       volume = {480},
       number = {4},
        pages = {4379-4401},
          doi = {10.1093/mnras/sty2169},
archivePrefix = {arXiv},
       eprint = {1712.04452},
 primaryClass = {astro-ph.GA},
       adsurl = {https://ui.adsabs.harvard.edu/abs/2018MNRAS.480.4379C},
      adsnote = {Provided by the SAO/NASA Astrophysics Data System}
}

@ARTICLE{ devis21a,
       author = {{De Vis}, P. and {Maddox}, S.~J. and {Gomez}, H.~L. and {Jones}, A.~P. and {Dunne}, L.},
        title = "{BEDE: Bayesian estimates of dust evolution for nearby galaxies}",
      journal = {\mnras},
     keywords = {ISM: abundances, ISM: dust, extinction, IZM: evolution, galaxies: evolution, galaxies: fundamental parameters, galaxies: ISM, Astrophysics - Astrophysics of Galaxies},
         year = 2021,
        month = aug,
       volume = {505},
       number = {3},
        pages = {3228-3246},
          doi = {10.1093/mnras/stab1604},
archivePrefix = {arXiv},
       eprint = {2107.03382},
 primaryClass = {astro-ph.GA},
       adsurl = {https://ui.adsabs.harvard.edu/abs/2021MNRAS.505.3228D},
      adsnote = {Provided by the SAO/NASA Astrophysics Data System}
}

@ARTICLE{ leja19a,
       author = {{Leja}, Joel and {Carnall}, Adam C. and {Johnson}, Benjamin D. and {Conroy}, Charlie and {Speagle}, Joshua S.},
        title = "{How to Measure Galaxy Star Formation Histories. II. Nonparametric Models}",
      journal = {\apj},
     keywords = {galaxies: fundamental parameters, galaxies: star formation, Astrophysics - Astrophysics of Galaxies},
         year = 2019,
        month = may,
       volume = {876},
       number = {1},
          eid = {3},
        pages = {3},
          doi = {10.3847/1538-4357/ab133c},
archivePrefix = {arXiv},
       eprint = {1811.03637},
 primaryClass = {astro-ph.GA},
       adsurl = {https://ui.adsabs.harvard.edu/abs/2019ApJ...876....3L},
      adsnote = {Provided by the SAO/NASA Astrophysics Data System}
}

@ARTICLE{ stanway18a,
       author = {{Stanway}, E.~R. and {Eldridge}, J.~J.},
        title = "{Re-evaluating old stellar populations}",
      journal = {\mnras},
     keywords = {methods: numerical, binaries: general, galaxies: stellar content, globular clusters: general, Astrophysics - Astrophysics of Galaxies, Astrophysics - Solar and Stellar Astrophysics},
         year = 2018,
        month = sep,
       volume = {479},
       number = {1},
        pages = {75-93},
          doi = {10.1093/mnras/sty1353},
archivePrefix = {arXiv},
       eprint = {1805.08784},
 primaryClass = {astro-ph.GA},
       adsurl = {https://ui.adsabs.harvard.edu/abs/2018MNRAS.479...75S},
      adsnote = {Provided by the SAO/NASA Astrophysics Data System}
}






@ARTICLE{ york00a,
   author = {{York}, D.~G. and others},
   fullauthor = {{York}, D.~G. and {Adelman}, J. and {Anderson}, Jr., J.~E. and
    {Anderson}, S.~F. and {Annis}, J. and {Bahcall}, N.~A. and {Bakken}, J.~A. and
    {Barkhouser}, R. and {Bastian}, S. and {Berman}, E. and {Boroski}, W.~N. and
    {Bracker}, S. and {Briegel}, C. and {Briggs}, J.~W. and {Brinkmann}, J. and
    {Brunner}, R. and {Burles}, S. and {Carey}, L. and {Carr}, M.~A. and
    {Castander}, F.~J. and {Chen}, B. and {Colestock}, P.~L. and
    {Connolly}, A.~J. and {Crocker}, J.~H. and {Csabai}, I. and
    {Czarapata}, P.~C. and {Davis}, J.~E. and {Doi}, M. and {Dombeck}, T. and
    {Eisenstein}, D. and {Ellman}, N. and {Elms}, B.~R. and {Evans}, M.~L. and
    {Fan}, X. and {Federwitz}, G.~R. and {Fiscelli}, L. and {Friedman}, S. and
    {Frieman}, J.~A. and {Fukugita}, M. and {Gillespie}, B. and
    {Gunn}, J.~E. and {Gurbani}, V.~K. and {de Haas}, E. and {Haldeman}, M. and
    {Harris}, F.~H. and {Hayes}, J. and {Heckman}, T.~M. and {Hennessy}, G.~S. and
    {Hindsley}, R.~B. and {Holm}, S. and {Holmgren}, D.~J. and {Huang}, C.-h. and
    {Hull}, C. and {Husby}, D. and {Ichikawa}, S.-I. and {Ichikawa}, T. and
    {Ivezi{\'c}}, {\v Z}. and {Kent}, S. and {Kim}, R.~S.~J. and
    {Kinney}, E. and {Klaene}, M. and {Kleinman}, A.~N. and {Kleinman}, S. and
    {Knapp}, G.~R. and {Korienek}, J. and {Kron}, R.~G. and {Kunszt}, P.~Z. and
    {Lamb}, D.~Q. and {Lee}, B. and {Leger}, R.~F. and {Limmongkol}, S. and
    {Lindenmeyer}, C. and {Long}, D.~C. and {Loomis}, C. and {Loveday}, J. and
    {Lucinio}, R. and {Lupton}, R.~H. and {MacKinnon}, B. and {Mannery}, E.~J. and
    {Mantsch}, P.~M. and {Margon}, B. and {McGehee}, P. and {McKay}, T.~A. and
    {Meiksin}, A. and {Merelli}, A. and {Monet}, D.~G. and {Munn}, J.~A. and
    {Narayanan}, V.~K. and {Nash}, T. and {Neilsen}, E. and {Neswold}, R. and
    {Newberg}, H.~J. and {Nichol}, R.~C. and {Nicinski}, T. and
    {Nonino}, M. and {Okada}, N. and {Okamura}, S. and {Ostriker}, J.~P. and
    {Owen}, R. and {Pauls}, A.~G. and {Peoples}, J. and {Peterson}, R.~L. and
    {Petravick}, D. and {Pier}, J.~R. and {Pope}, A. and {Pordes}, R. and
    {Prosapio}, A. and {Rechenmacher}, R. and {Quinn}, T.~R. and
    {Richards}, G.~T. and {Richmond}, M.~W. and {Rivetta}, C.~H. and
    {Rockosi}, C.~M. and {Ruthmansdorfer}, K. and {Sandford}, D. and
    {Schlegel}, D.~J. and {Schneider}, D.~P. and {Sekiguchi}, M. and
    {Sergey}, G. and {Shimasaku}, K. and {Siegmund}, W.~A. and {Smee}, S. and
    {Smith}, J.~A. and {Snedden}, S. and {Stone}, R. and {Stoughton}, C. and
    {Strauss}, M.~A. and {Stubbs}, C. and {SubbaRao}, M. and {Szalay}, A.~S. and
    {Szapudi}, I. and {Szokoly}, G.~P. and {Thakar}, A.~R. and {Tremonti}, C. and
    {Tucker}, D.~L. and {Uomoto}, A. and {Vanden Berk}, D. and {Vogeley}, M.~S. and
    {Waddell}, P. and {Wang}, S.-i. and {Watanabe}, M. and {Weinberg}, D.~H. and
    {Yanny}, B. and {Yasuda}, N.},
    title = "{The Sloan Digital Sky Survey: Technical Summary}",
  journal = {\aj},
   eprint = {arXiv:astro-ph/0006396},
 keywords = {Cosmology: Observations, Instrumentation: Miscellaneous},
     year = 2000,
    month = sep,
   volume = 120,
    pages = {1579--1587},
      doi = {10.1086/301513},
   adsurl = {http://adsabs.harvard.edu/abs/2000AJ....120.1579Y},
  adsnote = {Provided by the SAO/NASA Astrophysics Data System}
}


@ARTICLE{ salim16a,
       author = {{Salim}, Samir and {Lee}, Janice C. and {Janowiecki}, Steven and
         {da Cunha}, Elisabete and {Dickinson}, Mark and
         {Boquien}, M{\'e}d{\'e}ric and {Burgarella}, Denis and
         {Salzer}, John J. and {Charlot}, St{\'e}phane},
        title = "{GALEX-SDSS-WISE Legacy Catalog (GSWLC): Star Formation Rates, Stellar Masses, and Dust Attenuations of 700,000 Low-redshift Galaxies}",
      journal = {\apjs},
     keywords = {galaxies: fundamental parameters, galaxies: star formation, Astrophysics - Astrophysics of Galaxies},
         year = 2016,
        month = nov,
       volume = {227},
       number = {1},
          eid = {2},
        pages = {2},
          doi = {10.3847/0067-0049/227/1/2},
archivePrefix = {arXiv},
       eprint = {1610.00712},
 primaryClass = {astro-ph.GA},
       adsurl = {https://ui.adsabs.harvard.edu/abs/2016ApJS..227....2S},
      adsnote = {Provided by the SAO/NASA Astrophysics Data System}
}

@ARTICLE{ narayanan18a,
       author = {{Narayanan}, Desika and {Conroy}, Charlie and {Dav{\'e}}, Romeel and {Johnson}, Benjamin D. and {Popping}, Gerg{\"o}},
        title = "{A Theory for the Variation of Dust Attenuation Laws in Galaxies}",
      journal = {\apj},
     keywords = {dust, extinction, galaxies: ISM, Astrophysics - Astrophysics of Galaxies},
         year = 2018,
        month = dec,
       volume = {869},
       number = {1},
          eid = {70},
        pages = {70},
          doi = {10.3847/1538-4357/aaed25},
archivePrefix = {arXiv},
       eprint = {1805.06905},
 primaryClass = {astro-ph.GA},
       adsurl = {https://ui.adsabs.harvard.edu/abs/2018ApJ...869...70N},
      adsnote = {Provided by the SAO/NASA Astrophysics Data System}
}



@ARTICLE{ steinacker13a,
       author = {{Steinacker}, J{\"u}rgen and {Baes}, Maarten and {Gordon}, Karl D.},
        title = "{Three-Dimensional Dust Radiative Transfer*}",
      journal = {\araa},
     keywords = {Astrophysics - Instrumentation and Methods for Astrophysics},
         year = 2013,
        month = aug,
       volume = {51},
       number = {1},
        pages = {63-104},
          doi = {10.1146/annurev-astro-082812-141042},
archivePrefix = {arXiv},
       eprint = {1303.4998},
 primaryClass = {astro-ph.IM},
       adsurl = {https://ui.adsabs.harvard.edu/abs/2013ARA&A..51...63S},
      adsnote = {Provided by the SAO/NASA Astrophysics Data System}
}



@ARTICLE{ galliano21a,
       author = {{Galliano}, Fr{\'e}d{\'e}ric and {Nersesian}, Angelos and {Bianchi}, Simone and {De Looze}, Ilse and {Roychowdhury}, Sambit and {Baes}, Maarten and {Casasola}, Viviana and {Cassar{\'a}}, Letizia P. and {Dobbels}, Wouter and {Fritz}, Jacopo and {Galametz}, Maud and {Jones}, Anthony P. and {Madden}, Suzanne C. and {Mosenkov}, Aleksandr and {Xilouris}, Emmanuel M. and {Ysard}, Nathalie},
        title = "{A nearby galaxy perspective on dust evolution. Scaling relations and constraints on the dust build-up in galaxies with the DustPedia and DGS samples}",
      journal = {\aap},
     keywords = {ISM: abundances, dust, extinction, evolution, galaxies: evolution, methods: statistical, Astrophysics - Astrophysics of Galaxies},
         year = 2021,
        month = may,
       volume = {649},
          eid = {A18},
        pages = {A18},
          doi = {10.1051/0004-6361/202039701},
archivePrefix = {arXiv},
       eprint = {2101.00456},
 primaryClass = {astro-ph.GA},
       adsurl = {https://ui.adsabs.harvard.edu/abs/2021A&A...649A..18G},
      adsnote = {Provided by the SAO/NASA Astrophysics Data System}
}



@ARTICLE{ bianchi18a,
       author = {{Bianchi}, S. and {De Vis}, P. and {Viaene}, S. and {Nersesian}, A. and {Mosenkov}, A.~V. and {Xilouris}, E.~M. and {Baes}, M. and {Casasola}, V. and {Cassar{\`a}}, L.~P. and {Clark}, C.~J.~R. and {Davies}, J.~I. and {De Looze}, I. and {Dobbels}, W. and {Galametz}, M. and {Galliano}, F. and {Jones}, A.~P. and {Lianou}, S. and {Madden}, S.~C. and {Tr{\v{c}}ka}, A.},
        title = "{Fraction of bolometric luminosity absorbed by dust in DustPedia galaxies}",
      journal = {\aap},
     keywords = {dust, extinction, infrared: galaxies, galaxies: photometry, galaxies: ISM, galaxies: evolution, Astrophysics - Astrophysics of Galaxies},
         year = 2018,
        month = dec,
       volume = {620},
          eid = {A112},
        pages = {A112},
          doi = {10.1051/0004-6361/201833699},
archivePrefix = {arXiv},
       eprint = {1810.01208},
 primaryClass = {astro-ph.GA},
       adsurl = {https://ui.adsabs.harvard.edu/abs/2018A&A...620A.112B},
      adsnote = {Provided by the SAO/NASA Astrophysics Data System}
}



@ARTICLE{ hopkins18a,
       author = {{Hopkins}, Philip F. and {Wetzel}, Andrew and {Kere{\v{s}}}, Du{\v{s}}an and {Faucher-Gigu{\`e}re}, Claude-Andr{\'e} and {Quataert}, Eliot and {Boylan-Kolchin}, Michael and {Murray}, Norman and {Hayward}, Christopher C. and {Garrison-Kimmel}, Shea and {Hummels}, Cameron and {Feldmann}, Robert and {Torrey}, Paul and {Ma}, Xiangcheng and {Angl{\'e}s-Alc{\'a}zar}, Daniel and {Su}, Kung-Yi and {Orr}, Matthew and {Schmitz}, Denise and {Escala}, Ivanna and {Sanderson}, Robyn and {Grudi{\'c}}, Michael Y. and {Hafen}, Zachary and {Kim}, Ji-Hoon and {Fitts}, Alex and {Bullock}, James S. and {Wheeler}, Coral and {Chan}, T.~K. and {Elbert}, Oliver D. and {Narayanan}, Desika},
        title = "{FIRE-2 simulations: physics versus numerics in galaxy formation}",
      journal = {\mnras},
     keywords = {methods: numerical, stars: formation, galaxies: active, galaxies: evolution, galaxies: formation, cosmology: theory, Astrophysics - Astrophysics of Galaxies, Astrophysics - Cosmology and Nongalactic Astrophysics, Astrophysics - Instrumentation and Methods for Astrophysics},
         year = 2018,
        month = oct,
       volume = {480},
       number = {1},
        pages = {800-863},
          doi = {10.1093/mnras/sty1690},
archivePrefix = {arXiv},
       eprint = {1702.06148},
 primaryClass = {astro-ph.GA},
       adsurl = {https://ui.adsabs.harvard.edu/abs/2018MNRAS.480..800H},
      adsnote = {Provided by the SAO/NASA Astrophysics Data System}
}



@ARTICLE{ cortese19a,
       author = {{Cortese}, L. and {van de Sande}, J. and {Lagos}, C.~P. and {Catinella}, B. and {Davies}, L.~J.~M. and {Croom}, S.~M. and {Brough}, S. and {Bryant}, J.~J. and {Lawrence}, J.~S. and {Owers}, M.~S. and {Richards}, S.~N. and {Sweet}, S.~M. and {Bland-Hawthorn}, J.},
        title = "{The SAMI Galaxy Survey: satellite galaxies undergo little structural change during their quenching phase}",
      journal = {\mnras},
     keywords = {galaxies: evolution, galaxies: fundamental parameters, galaxies: kinematics and dynamics, Astrophysics - Astrophysics of Galaxies},
         year = 2019,
        month = may,
       volume = {485},
       number = {2},
        pages = {2656-2665},
          doi = {10.1093/mnras/stz485},
archivePrefix = {arXiv},
       eprint = {1902.05652},
 primaryClass = {astro-ph.GA},
       adsurl = {https://ui.adsabs.harvard.edu/abs/2019MNRAS.485.2656C},
      adsnote = {Provided by the SAO/NASA Astrophysics Data System}
}



@ARTICLE{ aniano20a,
       author = {{Aniano}, G. and {Draine}, B.~T. and {Hunt}, L.~K. and {Sandstrom}, K. and {Calzetti}, D. and {Kennicutt}, R.~C. and {Dale}, D.~A. and {Galametz}, M. and {Gordon}, K.~D. and {Leroy}, A.~K. and {Smith}, J. -D.~T. and {Roussel}, H. and {Sauvage}, M. and {Walter}, F. and {Armus}, L. and {Bolatto}, A.~D. and {Boquien}, M. and {Crocker}, A. and {De Looze}, I. and {Donovan Meyer}, J. and {Helou}, G. and {Hinz}, J. and {Johnson}, B.~D. and {Koda}, J. and {Miller}, A. and {Montiel}, E. and {Murphy}, E.~J. and {Rela{\~n}o}, M. and {Rix}, H. -W. and {Schinnerer}, E. and {Skibba}, R. and {Wolfire}, M.~G. and {Engelbracht}, C.~W.},
        title = "{Modeling Dust and Starlight in Galaxies Observed by Spitzer and Herschel: The KINGFISH Sample}",
      journal = {\apj},
     keywords = {99, 1280, 847, 790, Astrophysics - Astrophysics of Galaxies},
         year = 2020,
        month = feb,
       volume = {889},
       number = {2},
          eid = {150},
        pages = {150},
          doi = {10.3847/1538-4357/ab5fdb},
archivePrefix = {arXiv},
       eprint = {1912.04914},
 primaryClass = {astro-ph.GA},
       adsurl = {https://ui.adsabs.harvard.edu/abs/2020ApJ...889..150A},
      adsnote = {Provided by the SAO/NASA Astrophysics Data System}
}



@ARTICLE{ dalcanton04a,
       author = {{Dalcanton}, Julianne J. and {Yoachim}, Peter and {Bernstein}, Rebecca A.},
        title = "{The Formation of Dust Lanes: Implications for Galaxy Evolution}",
      journal = {\apj},
     keywords = {ISM: Dust, Extinction, Galaxies: Formation, Galaxies: ISM, Galaxies: Spiral, ISM: Structure, Stars: Formation, Astrophysics},
         year = 2004,
        month = jun,
       volume = {608},
       number = {1},
        pages = {189-207},
          doi = {10.1086/386358},
archivePrefix = {arXiv},
       eprint = {astro-ph/0402472},
 primaryClass = {astro-ph},
       adsurl = {https://ui.adsabs.harvard.edu/abs/2004ApJ...608..189D},
      adsnote = {Provided by the SAO/NASA Astrophysics Data System}
}



@ARTICLE{ camps18a,
       author = {{Camps}, Peter and {Tr{\v{c}}ka}, Ana and {Trayford}, James and {Baes}, Maarten and {Theuns}, Tom and {Crain}, Robert A. and {McAlpine}, Stuart and {Schaller}, Matthieu and {Schaye}, Joop},
        title = "{Data Release of UV to Submillimeter Broadband Fluxes for Simulated Galaxies from the EAGLE Project}",
      journal = {\apjs},
     keywords = {dust, extinction, galaxies: formation, infrared: ISM, methods: numerical, radiative transfer, Astrophysics - Astrophysics of Galaxies},
         year = 2018,
        month = feb,
       volume = {234},
       number = {2},
          eid = {20},
        pages = {20},
          doi = {10.3847/1538-4365/aaa24c},
archivePrefix = {arXiv},
       eprint = {1712.05583},
 primaryClass = {astro-ph.GA},
       adsurl = {https://ui.adsabs.harvard.edu/abs/2018ApJS..234...20C},
      adsnote = {Provided by the SAO/NASA Astrophysics Data System}
}



@ARTICLE{ trcka20a,
       author = {{Tr{\v{c}}ka}, Ana and {Baes}, Maarten and {Camps}, Peter and
         {Meidt}, Sharon E. and {Trayford}, James and {Bianchi}, Simone and
         {Casasola}, Viviana and {Cassar{\`a}}, Letizia P. and {De Looze}, Ilse and
         {De Vis}, Pieter and {Dobbels}, Wouter and {Fritz}, Jacopo and
         {Galametz}, Maud and {Galliano}, Fr{\'e}d{\'e}ric and
         {Katsianis}, Antonios and {Madden}, Suzanne C. and {Mosenkov}, Aleksand
        r V. and {Nersesian}, Angelos and {Viaene}, S{\'e}bastien and
         {Xilouris}, Emmanuel M.},
        title = "{Reproducing the Universe: a comparison between the EAGLE simulations and the nearby DustPedia galaxy sample}",
      journal = {\mnras},
     keywords = {radiative transfer, methods: numerical, dust, extinction, galaxies: evolution, galaxies: formation, submillimetre: galaxies, Astrophysics - Astrophysics of Galaxies},
         year = 2020,
        month = apr,
       volume = {494},
       number = {2},
        pages = {2823-2838},
          doi = {10.1093/mnras/staa857},
archivePrefix = {arXiv},
       eprint = {2003.12576},
 primaryClass = {astro-ph.GA},
       adsurl = {https://ui.adsabs.harvard.edu/abs/2020MNRAS.494.2823T},
      adsnote = {Provided by the SAO/NASA Astrophysics Data System}
}

@ARTICLE{ vogelsberger14a,
       author = {{Vogelsberger}, Mark and {Genel}, Shy and {Springel}, Volker and
         {Torrey}, Paul and {Sijacki}, Debora and {Xu}, Dandan and
         {Snyder}, Greg and {Nelson}, Dylan and {Hernquist}, Lars},
        title = "{Introducing the Illustris Project: simulating the coevolution of dark and visible matter in the Universe}",
      journal = {\mnras},
     keywords = {methods: numerical, cosmology: theory, Astrophysics - Cosmology and Nongalactic Astrophysics},
         year = 2014,
        month = oct,
       volume = {444},
       number = {2},
        pages = {1518-1547},
          doi = {10.1093/mnras/stu1536},
archivePrefix = {arXiv},
       eprint = {1405.2921},
 primaryClass = {astro-ph.CO},
       adsurl = {https://ui.adsabs.harvard.edu/abs/2014MNRAS.444.1518V},
      adsnote = {Provided by the SAO/NASA Astrophysics Data System}
}

@ARTICLE{ conroy09a,
       author = {{Conroy}, Charlie and {Gunn}, James E. and {White}, Martin},
        title = "{The Propagation of Uncertainties in Stellar Population Synthesis Modeling. I. The Relevance of Uncertain Aspects of Stellar Evolution and the Initial Mass Function to the Derived Physical Properties of Galaxies}",
      journal = {\apj},
     keywords = {galaxies: evolution, galaxies: stellar content, stars: evolution, Astrophysics},
         year = 2009,
        month = jul,
       volume = {699},
       number = {1},
        pages = {486-506},
          doi = {10.1088/0004-637X/699/1/486},
archivePrefix = {arXiv},
       eprint = {0809.4261},
 primaryClass = {astro-ph},
       adsurl = {https://ui.adsabs.harvard.edu/abs/2009ApJ...699..486C},
      adsnote = {Provided by the SAO/NASA Astrophysics Data System}
}

@BOOK{ draine11a,
       author = {{Draine}, Bruce T.},
        title = "{Physics of the Interstellar and Intergalactic Medium}",
         year = 2011,
       adsurl = {https://ui.adsabs.harvard.edu/abs/2011piim.book.....D},
      adsnote = {Provided by the SAO/NASA Astrophysics Data System}
}

@ARTICLE{ strauss02a,
       author = {{Strauss}, Michael A. and {Weinberg}, David H. and {Lupton}, Robert H. and {Narayanan}, Vijay K. and {Annis}, James and {Bernardi}, Mariangela and {Blanton}, Michael and {Burles}, Scott and {Connolly}, A.~J. and {Dalcanton}, Julianne and {Doi}, Mamoru and {Eisenstein}, Daniel and {Frieman}, Joshua A. and {Fukugita}, Masataka and {Gunn}, James E. and {Ivezi{\'c}}, {\v{Z}}eljko and {Kent}, Stephen and {Kim}, Rita S.~J. and {Knapp}, G.~R. and {Kron}, Richard G. and {Munn}, Jeffrey A. and {Newberg}, Heidi Jo and {Nichol}, R.~C. and {Okamura}, Sadanori and {Quinn}, Thomas R. and {Richmond}, Michael W. and {Schlegel}, David J. and {Shimasaku}, Kazuhiro and {SubbaRao}, Mark and {Szalay}, Alexander S. and {Vanden Berk}, Dan and {Vogeley}, Michael S. and {Yanny}, Brian and {Yasuda}, Naoki and {York}, Donald G. and {Zehavi}, Idit},
        title = "{Spectroscopic Target Selection in the Sloan Digital Sky Survey: The Main Galaxy Sample}",
      journal = {\aj},
     keywords = {Galaxies: Distances and Redshifts, Galaxies: Photometry, Surveys, Astrophysics},
         year = 2002,
        month = sep,
       volume = {124},
       number = {3},
        pages = {1810-1824},
          doi = {10.1086/342343},
archivePrefix = {arXiv},
       eprint = {astro-ph/0206225},
 primaryClass = {astro-ph},
       adsurl = {https://ui.adsabs.harvard.edu/abs/2002AJ....124.1810S},
      adsnote = {Provided by the SAO/NASA Astrophysics Data System}
}

@ARTICLE{ chang15a,
       author = {{Chang}, Yu-Yen and {van der Wel}, Arjen and {da Cunha}, Elisabete and {Rix}, Hans-Walter},
        title = "{Stellar Masses and Star Formation Rates for 1M Galaxies from SDSS+WISE}",
      journal = {\apjs},
     keywords = {catalogs, galaxies: star formation, galaxies: statistics, galaxies: stellar content, infrared: galaxies, Astrophysics - Astrophysics of Galaxies, Astrophysics - Cosmology and Nongalactic Astrophysics},
         year = 2015,
        month = jul,
       volume = {219},
       number = {1},
          eid = {8},
        pages = {8},
          doi = {10.1088/0067-0049/219/1/8},
archivePrefix = {arXiv},
       eprint = {1506.00648},
 primaryClass = {astro-ph.GA},
       adsurl = {https://ui.adsabs.harvard.edu/abs/2015ApJS..219....8C},
      adsnote = {Provided by the SAO/NASA Astrophysics Data System}
}

@ARTICLE{ lee13a,
       author = {{Lee}, Jong Chul and {Hwang}, Ho Seong and {Ko}, Jongwan},
        title = "{The Calibration of Star Formation Rate Indicators for WISE 22 {\ensuremath{\mu}}m-Selected Galaxies in the Sloan Digital Sky Survey}",
      journal = {\apj},
     keywords = {dust, extinction, galaxies: ISM, galaxies: starburst, infrared: galaxies, stars: formation, surveys, Astrophysics - Cosmology and Nongalactic Astrophysics},
         year = 2013,
        month = sep,
       volume = {774},
       number = {1},
          eid = {62},
        pages = {62},
          doi = {10.1088/0004-637X/774/1/62},
archivePrefix = {arXiv},
       eprint = {1307.4078},
 primaryClass = {astro-ph.CO},
       adsurl = {https://ui.adsabs.harvard.edu/abs/2013ApJ...774...62L},
      adsnote = {Provided by the SAO/NASA Astrophysics Data System}
}

@ARTICLE{ leslie16a,
       author = {{Leslie}, S.~K. and {Kewley}, L.~J. and {Sanders}, D.~B. and {Lee}, N.},
        title = "{Quenching star formation: insights from the local main sequence}",
      journal = {\mnras},
     keywords = {galaxies: evolution, Astrophysics - Astrophysics of Galaxies},
         year = 2016,
        month = jan,
       volume = {455},
       number = {1},
        pages = {L82-L86},
          doi = {10.1093/mnrasl/slv135},
archivePrefix = {arXiv},
       eprint = {1509.03632},
 primaryClass = {astro-ph.GA},
       adsurl = {https://ui.adsabs.harvard.edu/abs/2016MNRAS.455L..82L},
      adsnote = {Provided by the SAO/NASA Astrophysics Data System}
}

@ARTICLE{ hahn17a,
       author = {{Hahn}, ChangHoon and {Tinker}, Jeremy L. and {Wetzel}, Andrew},
        title = "{Star Formation Quenching Timescale of Central Galaxies in a Hierarchical Universe}",
      journal = {\apj},
     keywords = {galaxies: clusters: general, galaxies: evolution, galaxies: groups: general, galaxies: halos, galaxies: star formation, methods: numerical, Astrophysics - Astrophysics of Galaxies},
         year = 2017,
        month = may,
       volume = {841},
       number = {1},
          eid = {6},
        pages = {6},
          doi = {10.3847/1538-4357/aa6d6b},
archivePrefix = {arXiv},
       eprint = {1609.04398},
 primaryClass = {astro-ph.GA},
       adsurl = {https://ui.adsabs.harvard.edu/abs/2017ApJ...841....6H},
      adsnote = {Provided by the SAO/NASA Astrophysics Data System}
}

@ARTICLE{ geha12a,
       author = {{Geha}, M. and {Blanton}, M.~R. and {Yan}, R. and {Tinker}, J.~L.},
        title = "{A Stellar Mass Threshold for Quenching of Field Galaxies}",
      journal = {\apj},
     keywords = {galaxies: dwarf, galaxies: stellar content, methods: statistical, Astrophysics - Cosmology and Nongalactic Astrophysics},
         year = 2012,
        month = sep,
       volume = {757},
       number = {1},
          eid = {85},
        pages = {85},
          doi = {10.1088/0004-637X/757/1/85},
archivePrefix = {arXiv},
       eprint = {1206.3573},
 primaryClass = {astro-ph.CO},
       adsurl = {https://ui.adsabs.harvard.edu/abs/2012ApJ...757...85G},
      adsnote = {Provided by the SAO/NASA Astrophysics Data System}
}



@ARTICLE{ moustakas13a,
       author = {{Moustakas}, John and {Coil}, Alison L. and {Aird}, James and {Blanton}, Michael R. and {Cool}, Richard J. and {Eisenstein}, Daniel J. and {Mendez}, Alexander J. and {Wong}, Kenneth C. and {Zhu}, Guangtun and {Arnouts}, St{\'e}phane},
        title = "{PRIMUS: Constraints on Star Formation Quenching and Galaxy Merging, and the Evolution of the Stellar Mass Function from z = 0-1}",
      journal = {\apj},
     keywords = {galaxies: evolution, galaxies: high-redshift, large-scale structure of universe, surveys, Astrophysics - Cosmology and Extragalactic Astrophysics},
         year = 2013,
        month = apr,
       volume = {767},
       number = {1},
          eid = {50},
        pages = {50},
          doi = {10.1088/0004-637X/767/1/50},
archivePrefix = {arXiv},
       eprint = {1301.1688},
 primaryClass = {astro-ph.CO},
       adsurl = {https://ui.adsabs.harvard.edu/abs/2013ApJ...767...50M},
      adsnote = {Provided by the SAO/NASA Astrophysics Data System}
}



@ARTICLE{ reddick13a,
       author = {{Reddick}, Rachel M. and {Wechsler}, Risa H. and {Tinker}, Jeremy L. and {Behroozi}, Peter S.},
        title = "{The Connection between Galaxies and Dark Matter Structures in the Local Universe}",
      journal = {\apj},
     keywords = {dark matter, galaxies: formation, galaxies: groups: general, galaxies: halos, large-scale structure of universe, methods: statistical, Astrophysics - Cosmology and Extragalactic Astrophysics},
         year = 2013,
        month = jul,
       volume = {771},
          eid = {30},
        pages = {30},
          doi = {10.1088/0004-637X/771/1/30},
archivePrefix = {arXiv},
       eprint = {1207.2160},
 primaryClass = {astro-ph.CO},
       adsurl = {https://ui.adsabs.harvard.edu/abs/2013ApJ...771...30R},
      adsnote = {Provided by the SAO/NASA Astrophysics Data System}
}

@ARTICLE{ moster13a,
       author = {{Moster}, Benjamin P. and {Naab}, Thorsten and {White}, Simon D.~M.},
        title = "{Galactic star formation and accretion histories from matching galaxies to dark matter haloes}",
      journal = {\mnras},
     keywords = {galaxies: evolution, galaxies: high-redshift, galaxies: statistics, galaxies: stellar content, cosmology: theory, dark matter, Astrophysics - Cosmology and Nongalactic Astrophysics},
         year = 2013,
        month = feb,
       volume = {428},
       number = {4},
        pages = {3121-3138},
          doi = {10.1093/mnras/sts261},
archivePrefix = {arXiv},
       eprint = {1205.5807},
 primaryClass = {astro-ph.CO},
       adsurl = {https://ui.adsabs.harvard.edu/abs/2013MNRAS.428.3121M},
      adsnote = {Provided by the SAO/NASA Astrophysics Data System}
}


@ARTICLE{ schiminovich07a,
       author = {{Schiminovich}, David and {Wyder}, Ted K. and {Martin}, D. Christopher and {Johnson}, Benjamin. D. and {Salim}, Samir and {Seibert}, Mark and {Treyer}, Marie A. and {Budav{\'a}ri}, Tam{\'a}s and {Hoopes}, Charles and {Zamojski}, Michel and {Barlow}, Tom A. and {Forster}, Karl G. and {Friedman}, Peter G. and {Morrissey}, Patrick and {Neff}, Susan G. and {Small}, Todd A. and {Bianchi}, Luciana and {Donas}, Jos{\'e} and {Heckman}, Timothy M. and {Lee}, Young-Wook and {Madore}, Barry F. and {Milliard}, Bruno and {Rich}, R. Michael and {Szalay}, Alex. S. and {Welsh}, Barry Y. and {Yi}, Sukyoung},
        title = "{The UV-Optical Color Magnitude Diagram. II. Physical Properties and Morphological Evolution On and Off of a Star-forming Sequence}",
      journal = {\apjs},
     keywords = {Galaxies: Evolution, Galaxies: Formation, Surveys, Ultraviolet: Galaxies, Astrophysics},
         year = 2007,
        month = dec,
       volume = {173},
       number = {2},
        pages = {315-341},
          doi = {10.1086/524659},
archivePrefix = {arXiv},
       eprint = {0711.4823},
 primaryClass = {astro-ph},
       adsurl = {https://ui.adsabs.harvard.edu/abs/2007ApJS..173..315S},
      adsnote = {Provided by the SAO/NASA Astrophysics Data System}
}

@ARTICLE{ ferland13a,
       author = {{Ferland}, G.~J. and {Porter}, R.~L. and {van Hoof}, P.~A.~M. and {Williams}, R.~J.~R. and {Abel}, N.~P. and {Lykins}, M.~L. and {Shaw}, G. and {Henney}, W.~J. and {Stancil}, P.~C.},
        title = "{The 2013 Release of Cloudy}",
      journal = {Revista Mexicana de Astronom{\'i}a y Astrof{\'i}sica},
     keywords = {atomic processes, galaxies: active, methods: numerical, molecular processes, radiation mechanisms: general, Astrophysics - Galaxy Astrophysics, Astrophysics - Cosmology and Extragalactic Astrophysics, Astrophysics - Instrumentation and Methods for Astrophysics},
         year = 2013,
        month = apr,
       volume = {49},
        pages = {137-163},
archivePrefix = {arXiv},
       eprint = {1302.4485},
 primaryClass = {astro-ph.GA},
       adsurl = {https://ui.adsabs.harvard.edu/abs/2013RMxAA..49..137F},
      adsnote = {Provided by the SAO/NASA Astrophysics Data System}
}



@ARTICLE{ byler17a,
       author = {{Byler}, Nell and {Dalcanton}, Julianne J. and {Conroy}, Charlie and {Johnson}, Benjamin D.},
        title = "{Nebular Continuum and Line Emission in Stellar Population Synthesis Models}",
      journal = {\apj},
     keywords = {galaxies: abundances, galaxies: ISM, galaxies: star formation, Astrophysics - Astrophysics of Galaxies},
         year = 2017,
        month = may,
       volume = {840},
       number = {1},
          eid = {44},
        pages = {44},
          doi = {10.3847/1538-4357/aa6c66},
archivePrefix = {arXiv},
       eprint = {1611.08305},
 primaryClass = {astro-ph.GA},
       adsurl = {https://ui.adsabs.harvard.edu/abs/2017ApJ...840...44B},
      adsnote = {Provided by the SAO/NASA Astrophysics Data System}
}



@ARTICLE{ conroy10a,
       author = {{Conroy}, Charlie and {Gunn}, James E.},
        title = "{The Propagation of Uncertainties in Stellar Population Synthesis Modeling. III. Model Calibration, Comparison, and Evaluation}",
      journal = {\apj},
     keywords = {galaxies: evolution, galaxies: stellar content, stars: evolution, Astrophysics - Cosmology and Nongalactic Astrophysics},
         year = 2010,
        month = apr,
       volume = {712},
       number = {2},
        pages = {833-857},
          doi = {10.1088/0004-637X/712/2/833},
archivePrefix = {arXiv},
       eprint = {0911.3151},
 primaryClass = {astro-ph.CO},
       adsurl = {https://ui.adsabs.harvard.edu/abs/2010ApJ...712..833C},
      adsnote = {Provided by the SAO/NASA Astrophysics Data System}
}



@ARTICLE{ hunt19a,
       author = {{Hunt}, L.~K. and {De Looze}, I. and {Boquien}, M. and {Nikutta}, R. and
         {Rossi}, A. and {Bianchi}, S. and {Dale}, D.~A. and {Granato}, G.~L. and
         {Kennicutt}, R.~C. and {Silva}, L. and {Ciesla}, L. and
         {Rela{\~n}o}, M. and {Viaene}, S. and {Brandl}, B. and {Calzetti}, D. and
         {Croxall}, K.~V. and {Draine}, B.~T. and {Galametz}, M. and
         {Gordon}, K.~D. and {Groves}, B.~A. and {Helou}, G. and
         {Herrera-Camus}, R. and {Hinz}, J.~L. and {Koda}, J. and {Salim}, S. and
         {Sandstrom}, K.~M. and {Smith}, J.~D. and {Wilson}, C.~D. and
         {Zibetti}, S.},
        title = "{Comprehensive comparison of models for spectral energy distributions from 0.1 {\ensuremath{\mu}}m to 1 mm of nearby star-forming galaxies}",
      journal = {\aap},
     keywords = {galaxies: fundamental parameters, galaxies: star formation, galaxies: ISM, galaxies: spiral, infrared: galaxies, ultraviolet: galaxies, Astrophysics - Astrophysics of Galaxies},
         year = 2019,
        month = jan,
       volume = {621},
          eid = {A51},
        pages = {A51},
          doi = {10.1051/0004-6361/201834212},
archivePrefix = {arXiv},
       eprint = {1809.04088},
 primaryClass = {astro-ph.GA},
       adsurl = {https://ui.adsabs.harvard.edu/abs/2019A&A...621A..51H},
      adsnote = {Provided by the SAO/NASA Astrophysics Data System}
}



@ARTICLE{ baes19a,
       author = {{Baes}, Maarten and {Tr{\v{c}}ka}, Ana and {Camps}, Peter and
         {Nersesian}, Angelos and {Trayford}, James and {Theuns}, Tom and
         {Dobbels}, Wouter},
        title = "{The cosmic spectral energy distribution in the EAGLE simulation}",
      journal = {\mnras},
     keywords = {hydrodynamics, radiative transfer, galaxies: evolution, cosmology: observations, Astrophysics - Astrophysics of Galaxies, Astrophysics - Cosmology and Nongalactic Astrophysics},
         year = 2019,
        month = apr,
       volume = {484},
       number = {3},
        pages = {4069-4082},
          doi = {10.1093/mnras/stz302},
archivePrefix = {arXiv},
       eprint = {1901.08878},
 primaryClass = {astro-ph.GA},
       adsurl = {https://ui.adsabs.harvard.edu/abs/2019MNRAS.484.4069B},
      adsnote = {Provided by the SAO/NASA Astrophysics Data System}
}

@ARTICLE{ dickey20a,
       author = {{Dickey}, Claire M and {Starkenburg}, Tjitske K and {Geha}, Marla and {Hahn}, ChangHoon and {Angl{\'e}s-Alc{\'a}zar}, Daniel and {Choi}, Ena and {Dav{\'e}}, Romeel and {Genel}, Shy and {Iyer}, Kartheik G and {Maller}, Ariyeh H and {Mandelker}, Nir and {Somerville}, Rachel S and {Yung}, L Y Aaron},
        title = "{IQ Collaboratory II: The Quiescent Fraction of Isolated, Low Mass Galaxies Across Simulations and Observations}",
      journal = {arXiv e-prints},
     keywords = {Astrophysics - Astrophysics of Galaxies},
         year = 2020,
        month = oct,
          eid = {arXiv:2010.01132},
        pages = {arXiv:2010.01132},
archivePrefix = {arXiv},
       eprint = {2010.01132},
 primaryClass = {astro-ph.GA},
       adsurl = {https://ui.adsabs.harvard.edu/abs/2020arXiv201001132D},
      adsnote = {Provided by the SAO/NASA Astrophysics Data System}
}

@ARTICLE{ donnari21a,
       author = {{Donnari}, Martina and {Pillepich}, Annalisa and {Joshi}, Gandhali D. and {Nelson}, Dylan and {Genel}, Shy and {Marinacci}, Federico and {Rodriguez-Gomez}, Vicente and {Pakmor}, R{\"u}diger and {Torrey}, Paul and {Vogelsberger}, Mark and {Hernquist}, Lars},
        title = "{Quenched fractions in the IllustrisTNG simulations: the roles of AGN feedback, environment, and pre-processing}",
      journal = {\mnras},
     keywords = {methods: numerical, galaxies: evolution, galaxies: formation, galaxies: haloes, Astrophysics - Astrophysics of Galaxies, Astrophysics - Cosmology and Nongalactic Astrophysics},
         year = 2021,
        month = jan,
       volume = {500},
       number = {3},
        pages = {4004-4024},
          doi = {10.1093/mnras/staa3006},
archivePrefix = {arXiv},
       eprint = {2008.00005},
 primaryClass = {astro-ph.GA},
       adsurl = {https://ui.adsabs.harvard.edu/abs/2021MNRAS.500.4004D},
      adsnote = {Provided by the SAO/NASA Astrophysics Data System}
}





@ARTICLE{ hahn19b,
       author = {{Hahn}, ChangHoon and {Starkenburg}, Tjitske K. and {Choi}, Ena and
         {Dav{\'e}}, Romeel and {Dickey}, Claire M. and {Geha}, Marla C. and
         {Genel}, Shy and {Hayward}, Christopher C. and {Maller}, Ariyeh H. and
         {Mandyam}, Nityasri and {Pandya}, Viraj and {Popping}, Gerg{\"o} and
         {Rafieferantsoa}, Mika and {Somerville}, Rachel S. and
         {Tinker}, Jeremy L.},
        title = "{IQ-Collaboratory 1.1: The Star-forming Sequence of Simulated Central Galaxies}",
      journal = {\apj},
     keywords = {galaxies: evolution, galaxies: halos, galaxies: star formation, galaxies: statistics, methods: statistical, Astrophysics - Astrophysics of Galaxies},
         year = 2019,
        month = feb,
       volume = {872},
       number = {2},
          eid = {160},
        pages = {160},
          doi = {10.3847/1538-4357/aafedd},
archivePrefix = {arXiv},
       eprint = {1809.01665},
 primaryClass = {astro-ph.GA},
       adsurl = {https://ui.adsabs.harvard.edu/abs/2019ApJ...872..160H},
      adsnote = {Provided by the SAO/NASA Astrophysics Data System}
}



@ARTICLE{ dave16a,
       author = {{Dav{\'e}}, Romeel and {Thompson}, Robert and {Hopkins}, Philip F.},
        title = "{MUFASA: galaxy formation simulations with meshless hydrodynamics}",
      journal = {\mnras},
     keywords = {galaxies: evolution, galaxies: formation, Astrophysics - Astrophysics of Galaxies},
         year = 2016,
        month = nov,
       volume = {462},
       number = {3},
        pages = {3265-3284},
          doi = {10.1093/mnras/stw1862},
archivePrefix = {arXiv},
       eprint = {1604.01418},
 primaryClass = {astro-ph.GA},
       adsurl = {https://ui.adsabs.harvard.edu/abs/2016MNRAS.462.3265D},
      adsnote = {Provided by the SAO/NASA Astrophysics Data System}
}



@ARTICLE{ blanton09a,
       author = {{Blanton}, Michael R. and {Moustakas}, John},
        title = "{Physical Properties and Environments of Nearby Galaxies}",
      journal = {\araa},
     keywords = {Astrophysics - Astrophysics of Galaxies, Astrophysics - Cosmology and Nongalactic Astrophysics},
         year = 2009,
        month = sep,
       volume = {47},
       number = {1},
        pages = {159-210},
          doi = {10.1146/annurev-astro-082708-101734},
archivePrefix = {arXiv},
       eprint = {0908.3017},
 primaryClass = {astro-ph.GA},
       adsurl = {https://ui.adsabs.harvard.edu/abs/2009ARA&A..47..159B},
      adsnote = {Provided by the SAO/NASA Astrophysics Data System}
}



@ARTICLE{ blank19a,
       author = {{Blank}, Marvin and {Macci{\`o}}, Andrea V. and {Dutton}, Aaron A. and
         {Obreja}, Aura},
        title = "{NIHAO - XXII. Introducing black hole formation, accretion, and feedback into the NIHAO simulation suite}",
      journal = {\mnras},
     keywords = {methods: numerical, galaxies: active, galaxies: evolution, galaxies: formation, galaxies: nuclei, quasars: general, Astrophysics - Astrophysics of Galaxies},
         year = 2019,
        month = aug,
       volume = {487},
       number = {4},
        pages = {5476-5489},
          doi = {10.1093/mnras/stz1688},
archivePrefix = {arXiv},
       eprint = {1906.06955},
 primaryClass = {astro-ph.GA},
       adsurl = {https://ui.adsabs.harvard.edu/abs/2019MNRAS.487.5476B},
      adsnote = {Provided by the SAO/NASA Astrophysics Data System}
}



@ARTICLE{ vogelsberger20a,
       author = {{Vogelsberger}, Mark and {Marinacci}, Federico and {Torrey}, Paul and
         {Puchwein}, Ewald},
        title = "{Cosmological simulations of galaxy formation}",
      journal = {Nature Reviews Physics},
     keywords = {Astrophysics - Astrophysics of Galaxies, Astrophysics - Cosmology and Nongalactic Astrophysics},
         year = 2020,
        month = jan,
       volume = {2},
       number = {1},
        pages = {42-66},
          doi = {10.1038/s42254-019-0127-2},
archivePrefix = {arXiv},
       eprint = {1909.07976},
 primaryClass = {astro-ph.GA},
       adsurl = {https://ui.adsabs.harvard.edu/abs/2020NatRP...2...42V},
      adsnote = {Provided by the SAO/NASA Astrophysics Data System}
}



@ARTICLE{ buck20a,
       author = {{Buck}, Tobias and {Obreja}, Aura and {Macci{\`o}}, Andrea V. and
         {Minchev}, Ivan and {Dutton}, Aaron A. and {Ostriker}, Jeremiah P.},
        title = "{NIHAO-UHD: the properties of MW-like stellar discs in high-resolution cosmological simulations}",
      journal = {\mnras},
     keywords = {methods: numerical, galaxies: formation, galaxies: kinematics and dynamics, Galaxy: disc, Galaxy: evolution, Galaxy: structure, Astrophysics - Astrophysics of Galaxies},
         year = 2020,
        month = jan,
       volume = {491},
       number = {3},
        pages = {3461-3478},
          doi = {10.1093/mnras/stz3241},
archivePrefix = {arXiv},
       eprint = {1909.05864},
 primaryClass = {astro-ph.GA},
       adsurl = {https://ui.adsabs.harvard.edu/abs/2020MNRAS.491.3461B},
      adsnote = {Provided by the SAO/NASA Astrophysics Data System}
}



@ARTICLE{ wetzel16a,
       author = {{Wetzel}, Andrew R. and {Hopkins}, Philip F. and {Kim}, Ji-hoon and
         {Faucher-Gigu{\`e}re}, Claude-Andr{\'e} and {Kere{\v{s}}}, Du{\v{s}}an and
         {Quataert}, Eliot},
        title = "{Reconciling Dwarf Galaxies with {\ensuremath{\Lambda}}CDM Cosmology: Simulating a Realistic Population of Satellites around a Milky Way-mass Galaxy}",
      journal = {\apjl},
     keywords = {cosmology: theory, galaxies: dwarf, galaxies: formation, galaxies: star formation, Local Group, methods: numerical, Astrophysics - Astrophysics of Galaxies},
         year = 2016,
        month = aug,
       volume = {827},
       number = {2},
          eid = {L23},
        pages = {L23},
          doi = {10.3847/2041-8205/827/2/L23},
archivePrefix = {arXiv},
       eprint = {1602.05957},
 primaryClass = {astro-ph.GA},
       adsurl = {https://ui.adsabs.harvard.edu/abs/2016ApJ...827L..23W},
      adsnote = {Provided by the SAO/NASA Astrophysics Data System}
}



@ARTICLE{ schaye15a,
       author = {{Schaye}, Joop and {Crain}, Robert A. and {Bower}, Richard G. and
         {Furlong}, Michelle and {Schaller}, Matthieu and {Theuns}, Tom and
         {Dalla Vecchia}, Claudio and {Frenk}, Carlos S. and {McCarthy}, I.~G. and
         {Helly}, John C. and {Jenkins}, Adrian and {Rosas-Guevara}, Y.~M. and
         {White}, Simon D.~M. and {Baes}, Maarten and {Booth}, C.~M. and
         {Camps}, Peter and {Navarro}, Julio F. and {Qu}, Yan and
         {Rahmati}, Alireza and {Sawala}, Till and {Thomas}, Peter A. and
         {Trayford}, James},
        title = "{The EAGLE project: simulating the evolution and assembly of galaxies and their environments}",
      journal = {\mnras},
     keywords = {methods: numerical, galaxies: evolution, galaxies: formation, cosmology: theory, Astrophysics - Astrophysics of Galaxies, Astrophysics - Cosmology and Nongalactic Astrophysics},
         year = 2015,
        month = jan,
       volume = {446},
       number = {1},
        pages = {521-554},
          doi = {10.1093/mnras/stu2058},
archivePrefix = {arXiv},
       eprint = {1407.7040},
 primaryClass = {astro-ph.GA},
       adsurl = {https://ui.adsabs.harvard.edu/abs/2015MNRAS.446..521S},
      adsnote = {Provided by the SAO/NASA Astrophysics Data System}
}





@ARTICLE{ noll09a,
       author = {{Noll}, S. and {Burgarella}, D. and {Giovannoli}, E. and {Buat}, V. and
         {Marcillac}, D. and {Mu{\~n}oz-Mateos}, J.~C.},
        title = "{Analysis of galaxy spectral energy distributions from far-UV to far-IR with CIGALE: studying a SINGS test sample}",
      journal = {\aap},
     keywords = {methods: data analysis, galaxies: fundamental parameters, galaxies: stellar content, galaxies: ISM, ultraviolet: galaxies, infrared: galaxies, Astrophysics - Cosmology and Nongalactic Astrophysics, Astrophysics - Instrumentation and Methods for Astrophysics},
         year = 2009,
        month = dec,
       volume = {507},
       number = {3},
        pages = {1793-1813},
          doi = {10.1051/0004-6361/200912497},
archivePrefix = {arXiv},
       eprint = {0909.5439},
 primaryClass = {astro-ph.CO},
       adsurl = {https://ui.adsabs.harvard.edu/abs/2009A&A...507.1793N},
      adsnote = {Provided by the SAO/NASA Astrophysics Data System}
}

@ARTICLE{ wechsler18a,
       author = {{Wechsler}, Risa H. and {Tinker}, Jeremy L.},
        title = "{The Connection Between Galaxies and Their Dark Matter Halos}",
      journal = {Annual Review of Astronomy and Astrophysics},
     keywords = {Astrophysics - Astrophysics of Galaxies, Astrophysics - Cosmology and
        Nongalactic Astrophysics},
         year = 2018,
        month = Sep,
       volume = {56},
        pages = {435-487},
          doi = {10.1146/annurev-astro-081817-051756},
 primaryClass = {astro-ph.GA},
       adsurl = {https://ui.adsabs.harvard.edu/#abs/2018ARA&A..56..435W},
      adsnote = {Provided by the SAO/NASA Astrophysics Data System}
}

@ARTICLE{ salpeter55a,
 author = {{Salpeter}, E.~E.},
    title = "{The Luminosity Function and Stellar Evolution.}",
    journal = {\apj},
    year = 1955,
    month = jan,
    volume = 121,
    pages = {161},
    adsurl = {http://adsabs.harvard.edu/cgi-bin/nph-bib_query?bibcode=1955ApJ...121..161S&db_key=AST},
    adsnote = {Provided by the NASA Astrophysics Data System}
}

@ARTICLE{ maller09a,
   author = {{Maller}, A.~H. and {Berlind}, A.~A. and {Blanton}, M.~R. and 
	{Hogg}, D.~W.},
    title = "{The Intrinsic Properties of SDSS Galaxies}",
  journal = {\apj},
archivePrefix = "arXiv",
   eprint = {0801.3286},
 keywords = {galaxies: clusters: general, galaxies: statistics, methods: statistical, surveys},
     year = 2009,
    month = jan,
   volume = 691,
    pages = {394-406},
      doi = {10.1088/0004-637X/691/1/394},
   adsurl = {http://adsabs.harvard.edu/abs/2009ApJ...691..394M},
  adsnote = {Provided by the SAO/NASA Astrophysics Data System}
}

@ARTICLE{ leja17a,
       author = {{Leja}, Joel and {Johnson}, Benjamin D. and {Conroy}, Charlie and {van
        Dokkum}, Pieter G. and {Byler}, Nell},
        title = "{Deriving Physical Properties from Broadband Photometry with Prospector:
        Description of the Model and a Demonstration of its Accuracy
        Using 129 Galaxies in the Local Universe}",
      journal = {\apj},
     keywords = {galaxies: evolution, galaxies: fundamental parameters, galaxies: star
        formation, Astrophysics - Astrophysics of Galaxies},
         year = 2017,
        month = Mar,
       volume = {837},
          eid = {170},
        pages = {170},
          doi = {10.3847/1538-4357/aa5ffe},
 primaryClass = {astro-ph.GA},
       adsurl = {https://ui.adsabs.harvard.edu/#abs/2017ApJ...837..170L},
      adsnote = {Provided by the SAO/NASA Astrophysics Data System}
}

@ARTICLE{ trayford16a,
       author = {{Trayford}, James W. and {Theuns}, Tom and {Bower}, Richard G. and
         {Crain}, Robert A. and {Lagos}, Claudia del P. and
         {Schaller}, Matthieu and {Schaye}, Joop},
        title = "{It is not easy being green: the evolution of galaxy colour in the EAGLE simulation}",
      journal = {\mnras},
     keywords = {Astrophysics - Astrophysics of Galaxies},
         year = 2016,
        month = aug,
       volume = {460},
       number = {4},
        pages = {3925-3939},
          doi = {10.1093/mnras/stw1230},
archivePrefix = {arXiv},
       eprint = {1601.07907},
 primaryClass = {astro-ph.GA},
       adsurl = {https://ui.adsabs.harvard.edu/abs/2016MNRAS.460.3925T},
      adsnote = {Provided by the SAO/NASA Astrophysics Data System}
}



@ARTICLE{ li20a,
       author = {{Li}, Niu and {Li}, Cheng and {Mo}, Houjun and {Hu}, Jian and
         {Zhou}, Shuang and {Du}, Cheng},
        title = "{Estimating Dust Attenuation from Galactic Spectra. I. Methodology and Tests}",
      journal = {\apj},
     keywords = {Dust continuum emission, Interstellar medium, Galaxies, Interstellar dust extinction, Stellar populations, Extragalactic astronomy, Spectral energy distribution, Spectroscopy, Galaxy evolution, Galaxy processes, Interstellar absorption, Sky surveys, Astrophysics - Astrophysics of Galaxies},
         year = 2020,
        month = jun,
       volume = {896},
       number = {1},
          eid = {38},
        pages = {38},
          doi = {10.3847/1538-4357/ab92a1},
archivePrefix = {arXiv},
       eprint = {2001.02815},
 primaryClass = {astro-ph.GA},
       adsurl = {https://ui.adsabs.harvard.edu/abs/2020ApJ...896...38L},
      adsnote = {Provided by the SAO/NASA Astrophysics Data System}
}



@ARTICLE{ greener20a,
       author = {{Greener}, Michael J. and {Arag{\'o}n-Salamanca}, Alfonso and
         {Merrifield}, Michael R. and {Peterken}, Thomas G. and
         {Fraser-McKelvie}, Amelia and {Masters}, Karen L. and
         {Krawczyk}, Coleman M. and {Boardman}, Nicholas F. and
         {Boquien}, M{\'e}d{\'e}ric and {Andrews}, Brett H. and
         {Brinkmann}, Jonathan and {Drory}, Niv},
        title = "{SDSS-IV MaNGA: spatially resolved dust attenuation in spiral galaxies}",
      journal = {\mnras},
     keywords = {dust, extinction, galaxies: spiral, galaxies: star formation, Astrophysics - Astrophysics of Galaxies},
         year = 2020,
        month = may,
       volume = {495},
       number = {2},
        pages = {2305-2320},
          doi = {10.1093/mnras/staa1300},
archivePrefix = {arXiv},
       eprint = {2005.02772},
 primaryClass = {astro-ph.GA},
       adsurl = {https://ui.adsabs.harvard.edu/abs/2020MNRAS.495.2305G},
      adsnote = {Provided by the SAO/NASA Astrophysics Data System}
}



@ARTICLE{ ibarra-medel19a,
       author = {{Ibarra-Medel}, H{\'e}ctor J. and {Avila-Reese}, Vladimir and
         {S{\'a}nchez}, Sebasti{\'a}n F. and {Gonz{\'a}lez-Samaniego}, Alejand
        ro and {Rodr{\'\i}guez-Puebla}, Aldo},
        title = "{Optical integral field spectroscopy observations applied to simulated galaxies: testing the fossil record method}",
      journal = {\mnras},
     keywords = {galaxies: evolution, galaxies: star formation, techniques: spectroscopic, Astrophysics - Astrophysics of Galaxies},
         year = 2019,
        month = mar,
       volume = {483},
       number = {4},
        pages = {4525-4550},
          doi = {10.1093/mnras/sty3256},
archivePrefix = {arXiv},
       eprint = {1811.04856},
 primaryClass = {astro-ph.GA},
       adsurl = {https://ui.adsabs.harvard.edu/abs/2019MNRAS.483.4525I},
      adsnote = {Provided by the SAO/NASA Astrophysics Data System}
}



@ARTICLE{ katsianis20a,
       author = {{Katsianis}, A. and {Gonzalez}, V. and {Barrientos}, D. and {Yang}, X. and
         {Lagos}, C.~D.~P. and {Schaye}, J. and {Camps}, P. and
         {Tr{\v{c}}ka}, A. and {Baes}, M. and {Stalevski}, M. and
         {Blanc}, G.~A. and {Theuns}, T.},
        title = "{The high-redshift SFR-M* relation is sensitive to the employed star formation rate and stellar mass indicators: towards addressing the tension between observations and simulations}",
      journal = {\mnras},
     keywords = {galaxies: evolution, galaxies: star formation, Astrophysics - Astrophysics of Galaxies, Astrophysics - Instrumentation and Methods for Astrophysics},
         year = 2020,
        month = mar,
       volume = {492},
       number = {4},
        pages = {5592-5606},
          doi = {10.1093/mnras/staa157},
archivePrefix = {arXiv},
       eprint = {2001.06025},
 primaryClass = {astro-ph.GA},
       adsurl = {https://ui.adsabs.harvard.edu/abs/2020MNRAS.492.5592K},
      adsnote = {Provided by the SAO/NASA Astrophysics Data System}
}

@ARTICLE{ goddard17b,
       author = {{Goddard}, D. and {Thomas}, D. and {Maraston}, C. and {Westfall}, K. and {Etherington}, J. and {Riffel}, R. and {Mallmann}, N.~D. and {Zheng}, Z. and {Argudo-Fern{\'a}ndez}, M. and {Lian}, J. and {Bershady}, M. and {Bundy}, K. and {Drory}, N. and {Law}, D. and {Yan}, R. and {Wake}, D. and {Weijmans}, A. and {Bizyaev}, D. and {Brownstein}, J. and {Lane}, R.~R. and {Maiolino}, R. and {Masters}, K. and {Merrifield}, M. and {Nitschelm}, C. and {Pan}, K. and {Roman-Lopes}, A. and {Storchi-Bergmann}, T. and {Schneider}, D.~P.},
        title = "{SDSS-IV MaNGA: Spatially resolved star formation histories in galaxies as a function of galaxy mass and type}",
      journal = {\mnras},
     keywords = {galaxies: formation, galaxies: evolution, galaxies: elliptical and lenticular, cD, galaxies: spiral, galaxies: stellar content, galaxies: star formation, Astrophysics - Astrophysics of Galaxies},
         year = 2017,
        month = apr,
       volume = {466},
       number = {4},
        pages = {4731-4758},
          doi = {10.1093/mnras/stw3371},
archivePrefix = {arXiv},
       eprint = {1612.01546},
 primaryClass = {astro-ph.GA},
       adsurl = {https://ui.adsabs.harvard.edu/abs/2017MNRAS.466.4731G},
      adsnote = {Provided by the SAO/NASA Astrophysics Data System}
}

@ARTICLE{ ellison18a,
       author = {{Ellison}, Sara L. and {S{\'a}nchez}, Sebastian F. and {Ibarra-Medel}, Hector and {Antonio}, Braulio and {Mendel}, J. Trevor and {Barrera-Ballesteros}, Jorge},
        title = "{Star formation is boosted (and quenched) from the inside-out: radial star formation profiles from MaNGA}",
      journal = {\mnras},
     keywords = {galaxies: bulges, galaxies: evolution, galaxies: interactions, galaxies: star formation, Astrophysics - Astrophysics of Galaxies},
         year = 2018,
        month = feb,
       volume = {474},
       number = {2},
        pages = {2039-2054},
          doi = {10.1093/mnras/stx2882},
archivePrefix = {arXiv},
       eprint = {1711.00915},
 primaryClass = {astro-ph.GA},
       adsurl = {https://ui.adsabs.harvard.edu/abs/2018MNRAS.474.2039E},
      adsnote = {Provided by the SAO/NASA Astrophysics Data System}
}

@ARTICLE{ ibarra-medel16a,
       author = {{Ibarra-Medel}, H{\'e}ctor J. and {S{\'a}nchez}, Sebasti{\'a}n F. and {Avila-Reese}, Vladimir and {Hern{\'a}ndez-Toledo}, H{\'e}ctor M. and {Gonz{\'a}lez}, J. Jes{\'u}s and {Drory}, Niv and {Bundy}, Kevin and {Bizyaev}, Dmitry and {Cano-D{\'\i}az}, Mariana and {Malanushenko}, Elena and {Pan}, Kaike and {Roman-Lopes}, Alexandre and {Thomas}, Daniel},
        title = "{SDSS IV MaNGA: the global and local stellar mass assemby histories of galaxies}",
      journal = {\mnras},
     keywords = {techniques: spectroscopic, galaxies: evolution, galaxies: formation, galaxies: star formation, Astrophysics - Astrophysics of Galaxies},
         year = 2016,
        month = dec,
       volume = {463},
       number = {3},
        pages = {2799-2818},
          doi = {10.1093/mnras/stw2126},
archivePrefix = {arXiv},
       eprint = {1609.01304},
 primaryClass = {astro-ph.GA},
       adsurl = {https://ui.adsabs.harvard.edu/abs/2016MNRAS.463.2799I},
      adsnote = {Provided by the SAO/NASA Astrophysics Data System}
}

@ARTICLE{ belfiore18a,
       author = {{Belfiore}, Francesco and {Maiolino}, Roberto and {Bundy}, Kevin and {Masters}, Karen and {Bershady}, Matthew and {Oyarz{\'u}n}, Grecco A. and {Lin}, Lihwai and {Cano-Diaz}, Mariana and {Wake}, David and {Spindler}, Ashley and {Thomas}, Daniel and {Brownstein}, Joel R. and {Drory}, Niv and {Yan}, Renbin},
        title = "{SDSS IV MaNGA - sSFR profiles and the slow quenching of discs in green valley galaxies}",
      journal = {\mnras},
     keywords = {galaxies: evolution, galaxies: fundamental parameters, galaxies: ISM, Astrophysics - Astrophysics of Galaxies},
         year = 2018,
        month = jul,
       volume = {477},
       number = {3},
        pages = {3014-3029},
          doi = {10.1093/mnras/sty768},
archivePrefix = {arXiv},
       eprint = {1710.05034},
 primaryClass = {astro-ph.GA},
       adsurl = {https://ui.adsabs.harvard.edu/abs/2018MNRAS.477.3014B},
      adsnote = {Provided by the SAO/NASA Astrophysics Data System}
}

@ARTICLE{ zheng17a,
       author = {{Zheng}, Zheng and {Wang}, Huiyuan and {Ge}, Junqiang and {Mao}, Shude and {Li}, Cheng and {Li}, Ran and {Mo}, Houjun and {Goddard}, Daniel and {Bundy}, Kevin and {Li}, Hongyu and {Nair}, Preethi and {Lin}, Lihwai and {Long}, R.~J. and {Riffel}, Rog{\'e}rio and {Thomas}, Daniel and {Masters}, Karen and {Bizyaev}, Dmitry and {Brownstein}, Joel R. and {Zhang}, Kai and {Law}, David R. and {Drory}, Niv and {Roman Lopes}, Alexandre and {Malanushenko}, Olena},
        title = "{SDSS-IV MaNGA: environmental dependence of stellar age and metallicity gradients in nearby galaxies}",
      journal = {\mnras},
     keywords = {galaxies: abundances, galaxies: evolution, galaxies: formation, galaxies: statistics, galaxies: stellar content, galaxies: structure, Astrophysics - Astrophysics of Galaxies},
         year = 2017,
        month = mar,
       volume = {465},
       number = {4},
        pages = {4572-4588},
          doi = {10.1093/mnras/stw3030},
archivePrefix = {arXiv},
       eprint = {1612.01523},
 primaryClass = {astro-ph.GA},
       adsurl = {https://ui.adsabs.harvard.edu/abs/2017MNRAS.465.4572Z},
      adsnote = {Provided by the SAO/NASA Astrophysics Data System}
}

@ARTICLE{ goddard17a,
       author = {{Goddard}, D. and {Thomas}, D. and {Maraston}, C. and {Westfall}, K. and {Etherington}, J. and {Riffel}, R. and {Mallmann}, N.~D. and {Zheng}, Z. and {Argudo-Fern{\'a}ndez}, M. and {Bershady}, M. and {Bundy}, K. and {Drory}, N. and {Law}, D. and {Yan}, R. and {Wake}, D. and {Weijmans}, A. and {Bizyaev}, D. and {Brownstein}, J. and {Lane}, R.~R. and {Maiolino}, R. and {Masters}, K. and {Merrifield}, M. and {Nitschelm}, C. and {Pan}, K. and {Roman-Lopes}, A. and {Storchi-Bergmann}, T.},
        title = "{SDSS-IV MaNGA: stellar population gradients as a function of galaxy environment}",
      journal = {\mnras},
     keywords = {surveys, galaxies: elliptical and lenticular, cD, galaxies: evolution, galaxies: formation, galaxies: spiral, galaxies: stellar content, Astrophysics - Astrophysics of Galaxies},
         year = 2017,
        month = feb,
       volume = {465},
       number = {1},
        pages = {688-700},
          doi = {10.1093/mnras/stw2719},
archivePrefix = {arXiv},
       eprint = {1612.01545},
 primaryClass = {astro-ph.GA},
       adsurl = {https://ui.adsabs.harvard.edu/abs/2017MNRAS.465..688G},
      adsnote = {Provided by the SAO/NASA Astrophysics Data System}
}

@ARTICLE{ parikh18a,
       author = {{Parikh}, Taniya and {Thomas}, Daniel and {Maraston}, Claudia and {Westfall}, Kyle B. and {Goddard}, Daniel and {Lian}, Jianhui and {Meneses-Goytia}, Sofia and {Jones}, Amy and {Vaughan}, Sam and {Andrews}, Brett H. and {Bershady}, Matthew and {Bizyaev}, Dmitry and {Brinkmann}, Jonathan and {Brownstein}, Joel R. and {Bundy}, Kevin and {Drory}, Niv and {Emsellem}, Eric and {Law}, David R. and {Newman}, Jeffrey A. and {Roman-Lopes}, Alexandre and {Wake}, David and {Yan}, Renbin and {Zheng}, Zheng},
        title = "{SDSS-IV MaNGA: the spatially resolved stellar initial mass function in {\ensuremath{\sim}}400 early-type galaxies}",
      journal = {\mnras},
     keywords = {galaxies: elliptical and lenticular, cD, galaxies: evolution, galaxies: formation, galaxies: fundamental parameters, galaxies: stellar content, Astrophysics - Astrophysics of Galaxies, Astrophysics - Cosmology and Nongalactic Astrophysics},
         year = 2018,
        month = jul,
       volume = {477},
       number = {3},
        pages = {3954-3982},
          doi = {10.1093/mnras/sty785},
archivePrefix = {arXiv},
       eprint = {1803.08515},
 primaryClass = {astro-ph.GA},
       adsurl = {https://ui.adsabs.harvard.edu/abs/2018MNRAS.477.3954P},
      adsnote = {Provided by the SAO/NASA Astrophysics Data System}
}

@ARTICLE{ li18a,
       author = {{Li}, Hongyu and {Mao}, Shude and {Cappellari}, Michele and {Ge}, Junqiang and {Long}, R.~J. and {Li}, Ran and {Mo}, H.~J. and {Li}, Cheng and {Zheng}, Zheng and {Bundy}, Kevin and {Thomas}, Daniel and {Brownstein}, Joel R. and {Roman Lopes}, Alexandre and {Law}, David R. and {Drory}, Niv},
        title = "{SDSS-IV MaNGA: global stellar population and gradients for about 2000 early-type and spiral galaxies on the mass-size plane}",
      journal = {\mnras},
     keywords = {galaxies: evolution, galaxies: formation, galaxies: kinematics and dynamics, galaxies: structure, Astrophysics - Astrophysics of Galaxies},
         year = 2018,
        month = may,
       volume = {476},
       number = {2},
        pages = {1765-1775},
          doi = {10.1093/mnras/sty334},
archivePrefix = {arXiv},
       eprint = {1802.01819},
 primaryClass = {astro-ph.GA},
       adsurl = {https://ui.adsabs.harvard.edu/abs/2018MNRAS.476.1765L},
      adsnote = {Provided by the SAO/NASA Astrophysics Data System}
}

@ARTICLE{ sanchez19a,
       author = {{S{\'a}nchez}, S.~F. and {Avila-Reese}, V. and {Rodr{\'\i}guez-Puebla}, A. and {Ibarra-Medel}, H. and {Calette}, R. and {Bershady}, M. and {Hern{\'a}ndez-Toledo}, H. and {Pan}, K. and {Bizyaev}, D.},
        title = "{SDSS-IV MaNGA - an archaeological view of the cosmic star formation history}",
      journal = {\mnras},
     keywords = {galaxies: evolution, galaxies: general, galaxies: star formation, galaxies: stellar content, Astrophysics - Astrophysics of Galaxies},
         year = 2019,
        month = jan,
       volume = {482},
       number = {2},
        pages = {1557-1586},
          doi = {10.1093/mnras/sty2730},
archivePrefix = {arXiv},
       eprint = {1807.11528},
 primaryClass = {astro-ph.GA},
       adsurl = {https://ui.adsabs.harvard.edu/abs/2019MNRAS.482.1557S},
      adsnote = {Provided by the SAO/NASA Astrophysics Data System}
}

@ARTICLE{ bluck20a,
       author = {{Bluck}, Asa F.~L. and {Maiolino}, Roberto and {S{\'a}nchez}, Sebastian F. and {Ellison}, Sara L. and {Thorp}, Mallory D. and {Piotrowska}, Joanna M. and {Teimoorinia}, Hossen and {Bundy}, Kevin A.},
        title = "{Are galactic star formation and quenching governed by local, global, or environmental phenomena?}",
      journal = {\mnras},
     keywords = {Galaxies: formation, evolution, environment, structures, bulge, disk, star formation, observational cosmology, galaxies: evolution, galaxies: formation, galaxies: star formation, galaxies: statistics, galaxies: structure, Astrophysics - Astrophysics of Galaxies, Astrophysics - Cosmology and Nongalactic Astrophysics},
         year = 2020,
        month = feb,
       volume = {492},
       number = {1},
        pages = {96-139},
          doi = {10.1093/mnras/stz3264},
archivePrefix = {arXiv},
       eprint = {1911.08857},
 primaryClass = {astro-ph.GA},
       adsurl = {https://ui.adsabs.harvard.edu/abs/2020MNRAS.492...96B},
      adsnote = {Provided by the SAO/NASA Astrophysics Data System}
}



@ARTICLE{ peng10a,
       author = {{Peng}, Ying-jie and {Lilly}, Simon J. and {Kova{\v{c}}}, Katarina and {Bolzonella}, Micol and {Pozzetti}, Lucia and {Renzini}, Alvio and {Zamorani}, Gianni and {Ilbert}, Olivier and {Knobel}, Christian and {Iovino}, Angela and {Maier}, Christian and {Cucciati}, Olga and {Tasca}, Lidia and {Carollo}, C. Marcella and {Silverman}, John and {Kampczyk}, Pawel and {de Ravel}, Loic and {Sanders}, David and {Scoville}, Nicholas and {Contini}, Thierry and {Mainieri}, Vincenzo and {Scodeggio}, Marco and {Kneib}, Jean-Paul and {Le F{\`e}vre}, Olivier and {Bardelli}, Sandro and {Bongiorno}, Angela and {Caputi}, Karina and {Coppa}, Graziano and {de la Torre}, Sylvain and {Franzetti}, Paolo and {Garilli}, Bianca and {Lamareille}, Fabrice and {Le Borgne}, Jean-Francois and {Le Brun}, Vincent and {Mignoli}, Marco and {Perez Montero}, Enrique and {Pello}, Roser and {Ricciardelli}, Elena and {Tanaka}, Masayuki and {Tresse}, Laurence and {Vergani}, Daniela and {Welikala}, Niraj and {Zucca}, Elena and {Oesch}, Pascal and {Abbas}, Ummi and {Barnes}, Luke and {Bordoloi}, Rongmon and {Bottini}, Dario and {Cappi}, Alberto and {Cassata}, Paolo and {Cimatti}, Andrea and {Fumana}, Marco and {Hasinger}, Gunther and {Koekemoer}, Anton and {Leauthaud}, Alexei and {Maccagni}, Dario and {Marinoni}, Christian and {McCracken}, Henry and {Memeo}, Pierdomenico and {Meneux}, Baptiste and {Nair}, Preethi and {Porciani}, Cristiano and {Presotto}, Valentina and {Scaramella}, Roberto},
        title = "{Mass and Environment as Drivers of Galaxy Evolution in SDSS and zCOSMOS and the Origin of the Schechter Function}",
      journal = {\apj},
     keywords = {cosmology: observations, galaxies: active, galaxies: distances and redshifts, galaxies: evolution, Astrophysics - Cosmology and Extragalactic Astrophysics},
         year = 2010,
        month = sep,
       volume = {721},
       number = {1},
        pages = {193-221},
          doi = {10.1088/0004-637X/721/1/193},
archivePrefix = {arXiv},
       eprint = {1003.4747},
 primaryClass = {astro-ph.CO},
       adsurl = {https://ui.adsabs.harvard.edu/abs/2010ApJ...721..193P},
      adsnote = {Provided by the SAO/NASA Astrophysics Data System}
}



@article{da-cunha08a,
	Abstract = {We present a simple, largely empirical but physically motivated model to interpret the mid- and far-infrared spectral energy distributions of galaxies consistently with the emission at ultraviolet, optical and near-infrared wavelengths. Our model relies on an existing angle-averaged prescription to compute the absorption of starlight by dust in stellar birth clouds and in the ambient interstellar medium (ISM) in galaxies. We compute the spectral energy distribution of the power reradiated by dust in stellar birth clouds as the sum of three components: a component of polycyclic aromatic hydrocarbons (PAHs); a mid-infrared continuum characterizing the emission from hot grains at temperatures in the range 130-250 K; and a component of grains in thermal equilibrium with adjustable temperature in the range 30-60 K. In the ambient ISM, we fix for simplicity the relative proportions of these three components to reproduce the spectral shape of diffuse cirrus emission in the Milky Way, and we include a component of cold grains in thermal equilibrium with adjustable temperature in the range 15-25 K. Our model is both simple and versatile enough that it can be used to derive statistical constraints on the star formation histories and dust contents of large samples of galaxies using a wide range of ultraviolet, optical and infrared observations. We illustrate this by deriving median likelihood estimates of the star formation rates, stellar masses, effective dust optical depths, dust masses and relative strengths of different dust components of 66 well-studied nearby star-forming galaxies from the Spitzer Infrared Nearby Galaxy Survey (SINGS). We explore how the constraints derived in this way depend on the available spectral information. From our analysis of the SINGS sample, we conclude that the mid- and far-infrared colours of galaxies correlate strongly with the specific star formation rate, as well as with other galaxy-wide quantities connected to this parameter, such as the ratio of infrared luminosity between stellar birth clouds and the ambient ISM, the contributions by PAHs and grains in thermal equilibrium to the total infrared emission, and the ratio of dust mass to stellar mass. Our model can be straightforwardly applied to interpret ultraviolet, optical and infrared spectral energy distributions from any galaxy sample.},
	Adsnote = {Provided by the SAO/NASA Astrophysics Data System},
	Adsurl = {http://adsabs.harvard.edu/abs/2008MNRAS.388.1595D},
	Archiveprefix = {arXiv},
	Author = {{da Cunha}, E. and {Charlot}, S. and {Elbaz}, D.},
	Date-Added = {2013-01-01 01:03:53 +0000},
	Date-Modified = {2013-03-13 00:27:33 +0000},
	Eprint = {0806.1020},
	Journal = {\mnras},
	Keywords = {dust, extinction , galaxies: ISM , galaxies: stellar content , infrared: galaxies, sed-fitting},
	Month = aug,
	Pages = {1595-1617},
	Title = {{A simple model to interpret the ultraviolet, optical and infrared emission from galaxies}},
	Volume = 388,
	Year = 2008}

@ARTICLE{ maraston05a,
   author = {{Maraston}, C.},
    title = "{Evolutionary population synthesis: models, analysis of the ingredients and application to high-z galaxies}",
  journal = {\mnras},
   eprint = {astro-ph/0410207},
     year = 2005,
    month = sep,
   volume = 362,
    pages = {799--825},
      doi = {10.1111/j.1365-2966.2005.09270.x},
   adsurl = {http://adsabs.harvard.edu/cgi-bin/nph-bib_query?bibcode=2005MNRAS.362..799M&db_key=AST},
  adsnote = {Provided by the Smithsonian/NASA Astrophysics Data System}
}

@article{conroy13a,
	Abstract = {The spectral energy distributions (SEDs) of galaxies are shaped by nearly every physical property of the system, including the star-formation history, metal content, abundance pattern, dust mass, grain size distribution, star-dust geometry, and interstellar radiation field. The principal goal of stellar population synthesis (SPS) is to extract these variables from observed SEDs. In this review I provide an overview of the SPS technique and discuss what can be reliably measured from galaxy SEDs. Topics include stellar masses, star-formation rates and histories, metallicities and abundance patterns, dust properties, and the stellar initial mass function.},
	Adsnote = {Provided by the SAO/NASA Astrophysics Data System},
	Archiveprefix = {arXiv},
	Arxivurl = {http://arXiv.org/abs/1301.7095},
	Author = {{Conroy}, C.},
	Date-Added = {2014-05-10 16:04:11 +0000},
	Date-Modified = {2014-05-10 16:04:12 +0000},
	Eprint = {1301.7095},
	Journal = {\araa},
	Keywords = {Astrophysics - Cosmology and Extragalactic Astrophysics, stellar populations, sed-fitting},
	Month = aug,
	Pages = {393-455},
	Primaryclass = {astro-ph.CO},
	Title = {{Modeling the Panchromatic Spectral Energy Distributions of Galaxies}},
	Volume = 51,
	Year = 2013,
	Bdsk-File-1 = {YnBsaXN0MDDSAQIDBFxyZWxhdGl2ZVBhdGhZYWxpYXNEYXRhXxBVY29ucm95LzEzY29ucm95X2EgbW9kZWxpbmcgdGhlIHBhbmNocm9tYXRpYyBzcGVjdHJhbCBlbmVyZ3kgZGlzdHJpYnV0aW9ucyBvZiBnYWxheGllc08RAmIAAAAAAmIAAgAADE1hY2ludG9zaCBIRAAAAAAAAAAAAAAAAAAAAAAAAABCRAAB/////x8xM2NvbnJveV9hIG1vZGVsaW5nIHRoI0ZGRkZGRkZGAAAAAAAAAAAAAAAAAAAAAAAAAAAAAAAAAAAAAAAAAAD/////AAAAAAAAAAAAAAAAAAEAAwAACiBjdQAAAAAAAAAAAAAAAAAGY29ucm95AAIAdi86VXNlcnM6aW9hbm5pczpyZXNlYXJjaDpiaWJkZXNrOmNvbnJveToxM2NvbnJveV9hIG1vZGVsaW5nIHRoZSBwYW5jaHJvbWF0aWMgc3BlY3RyYWwgZW5lcmd5IGRpc3RyaWJ1dGlvbnMgb2YgZ2FsYXhpZXMADgCeAE4AMQAzAGMAbwBuAHIAbwB5AF8AYQAgAG0AbwBkAGUAbABpAG4AZwAgAHQAaABlACAAcABhAG4AYwBoAHIAbwBtAGEAdABpAGMAIABzAHAAZQBjAHQAcgBhAGwAIABlAG4AZQByAGcAeQAgAGQAaQBzAHQAcgBpAGIAdQB0AGkAbwBuAHMAIABvAGYAIABnAGEAbABhAHgAaQBlAHMADwAaAAwATQBhAGMAaQBuAHQAbwBzAGgAIABIAEQAEgB0VXNlcnMvaW9hbm5pcy9yZXNlYXJjaC9iaWJkZXNrL2NvbnJveS8xM2NvbnJveV9hIG1vZGVsaW5nIHRoZSBwYW5jaHJvbWF0aWMgc3BlY3RyYWwgZW5lcmd5IGRpc3RyaWJ1dGlvbnMgb2YgZ2FsYXhpZXMAEwABLwAAFQACAA7//wAAAAgADQAaACQAfAAAAAAAAAIBAAAAAAAAAAUAAAAAAAAAAAAAAAAAAALi}}

@ARTICLE{ chabrier03a,
   author = {{Chabrier}, G.},
    title = "{Galactic Stellar and Substellar Initial Mass Function}",
  journal = {\pasp},
     year = 2003,
    month = jul,
   volume = 115,
    pages = {763--795},
   adsurl = {http://adsabs.harvard.edu/cgi-bin/nph-bib_query?bibcode=2003PASP..115..763C&db_key=AST},
  adsnote = {Provided by the Smithsonian/NASA Astrophysics Data System}
}

@ARTICLE{bruzual03a,
    author = {{Bruzual}, G. and {Charlot}, S.},
    title = "{Stellar population synthesis at the resolution of 2003}",
    journal = {\mnras},
    year = 2003,
    month = oct,
    volume = 344,
    pages = {1000--1028},
    doi = {10.1046/j.1365-8711.2003.06897.x},
    adsurl = {http://adsabs.harvard.edu/cgi-bin/nph-bib_query?bibcode=2003MNRAS.344.1000B&db_key=AST},
     adsnote = {Provided by the Smithsonian/NASA Astrophysics Data System}
}

@ARTICLE{des05a,
       author = {{Flaugher}, Brenna},
        title = "{The Dark Energy Survey}",
      journal = {International Journal of Modern Physics A},
     keywords = {Dark energy, galaxies, supernovae},
         year = "2005",
        month = "Jan",
       volume = {20},
       number = {14},
        pages = {3121-3123},
          doi = {10.1142/S0217751X05025917},
       adsurl = {https://ui.adsabs.harvard.edu/abs/2005IJMPA..20.3121F},
      adsnote = {Provided by the SAO/NASA Astrophysics Data System}
}

@article{somerville15a,
	Abstract = {Modeling galaxy formation in a cosmological context presents one of the greatest challenges in astrophysics today due to the vast range of scales and numerous physical processes involved. Here we review the current status of models that employ two leading techniques to simulate the physics of galaxy formation: semianalytic models and numerical hydrodynamic simulations. We focus on a set of observational targets that describe the evolution of the global and structural properties of galaxies from roughly cosmic high noon (z {\^a}¼ 2-3) to the present. Although minor discrepancies remain, overall, models show remarkable convergence among different methods and make predictions that are in qualitative agreement with observations. Modelers have converged on a core set of physical processes that are critical for shaping galaxy properties. This core set includes cosmological accretion, strong stellar-driven winds that are more efficient at low masses, black hole feedback that preferentially suppresses star formation at high masses, and structural and morphological evolution through merging and environmental processes. However, all cosmological models currently adopt phenomenological implementations of many of these core processes, which must be tuned to observations. Many details of how these diverse processes interact within a hierarchical structure formation setting remain poorly understood. Emerging multiscale simulations are helping to bridge the gap between stellar and cosmological scales, placing models on a firmer, more physically grounded footing. Concurrently, upcoming telescope facilities will provide new challenges and constraints for models, particularly by directly constraining inflows and outflows through observations of gas in and around galaxies.},
	Adsnote = {Provided by the SAO/NASA Astrophysics Data System},
	Archiveprefix = {arXiv},
	Arxivurl = {http://arxiv.org/abs/1412.2712},
	Author = {{Somerville}, R.~S. and {Dav{\'e}}, R.},
	Date-Added = {2017-03-15 10:59:48 +0000},
	Date-Modified = {2017-03-15 10:59:50 +0000},
	Eprint = {1412.2712},
	Journal = {\araa},
	Month = aug,
	Pages = {51-113},
	Title = {{Physical Models of Galaxy Formation in a Cosmological Framework}},
	Volume = 53,
	Year = 2015}



@INPROCEEDINGS{des19a,
       author = {{Sevilla-Noarbe}, I. and {DES Collaboration}},
        title = "{The Dark Energy Survey and Data Release 1}",
    booktitle = {Highlights on Spanish Astrophysics X},
         year = "2019",
        month = "Mar",
        pages = {179-184},
       adsurl = {https://ui.adsabs.harvard.edu/abs/2019hsax.conf..179S},
      adsnote = {Provided by the SAO/NASA Astrophysics Data System}
}

@article{naab17a,
	Abstract = {Numerical simulations have become a major tool for understanding galaxy formation and evolution. Over the decades the field has made significant progress. It is now possible to simulate the formation of individual galaxies and galaxy populations from well defined initial conditions with realistic abundances and global properties. An essential component of the calculation is to correctly estimate the inflow to and outflow from forming galaxies since observations indicating low formation efficiency and strong circum-glactic presence of gas are persuasive. Energetic 'feedback' from massive stars and accreting super-massive black holes - generally unresolved in cosmological simulations - plays a major role for driving galactic outflows, which have been shown to regulate many aspects of galaxy evolution. A surprisingly large variety of plausible sub-resolution models succeeds in this exercise. They capture the essential characteristics of the problem, i.e. outflows regulating galactic gas flows, but their predictive power is limited. In this review we focus on one major challenge for galaxy formation theory: to understand the underlying physical processes that regulate the structure of the interstellar medium, star formation and the driving of galactic outflows. This requires accurate physical models and numerical simulations, which can precisely describe the multi-phase structure of the interstellar medium on the currently unresolved few hundred parsecs scales of large scale cosmological simulations. Such models ultimately require the full accounting for the dominant cooling and heating processes, the radiation and winds from massive stars and accreting black holes, an accurate treatment of supernova explosions as well as the non-thermal components of the interstellar medium like magnetic fields and cosmic rays.},
	Adsnote = {Provided by the SAO/NASA Astrophysics Data System},
	Adsurl = {http://adsabs.harvard.edu/abs/2017ARAA..55...59N},
	Archiveprefix = {arXiv},
	Arxivurl = {http://arxiv.org/abs/1612.06891},
	Author = {{Naab}, T. and {Ostriker}, J.~P.},
	Date-Added = {2019-05-12 15:43:18 -0400},
	Date-Modified = {2019-05-12 15:43:21 -0400},
	Eprint = {1612.06891},
	Journal = {\araa},
	Month = aug,
	Pages = {59-109},
	Title = {{Theoretical Challenges in Galaxy Formation}},
	Volume = 55,
	Year = 2017,
	Bdsk-File-1 = {YnBsaXN0MDDSAQIDBFxyZWxhdGl2ZVBhdGhZYWxpYXNEYXRhXxA4bmFhYi8xN25hYWJfYiB0aGVvcmV0aWNhbCBjaGFsbGVuZ2VzIGluIGdhbGF4eSBmb3JtYXRpb25PEQHyAAAAAAHyAAIAAAxNYWNpbnRvc2ggSEQAAAAAAAAAAAAAAAAAAAAAAAAAQkQAAf////8fMTduYWFiX2IgdGhlb3JldGljYWwgYyNGRkZGRkZGRgAAAAAAAAAAAAAAAAAAAAAAAAAAAAAAAAAAAAAAAAAA/////wAAAAAAAAAAAAAAAAABAAMAAAogY3UAAAAAAAAAAAAAAAAABG5hYWIAAgBZLzpVc2Vyczppb2FubmlzOnJlc2VhcmNoOmJpYmRlc2s6bmFhYjoxN25hYWJfYiB0aGVvcmV0aWNhbCBjaGFsbGVuZ2VzIGluIGdhbGF4eSBmb3JtYXRpb24AAA4AaAAzADEANwBuAGEAYQBiAF8AYgAgAHQAaABlAG8AcgBlAHQAaQBjAGEAbAAgAGMAaABhAGwAbABlAG4AZwBlAHMAIABpAG4AIABnAGEAbABhAHgAeQAgAGYAbwByAG0AYQB0AGkAbwBuAA8AGgAMAE0AYQBjAGkAbgB0AG8AcwBoACAASABEABIAV1VzZXJzL2lvYW5uaXMvcmVzZWFyY2gvYmliZGVzay9uYWFiLzE3bmFhYl9iIHRoZW9yZXRpY2FsIGNoYWxsZW5nZXMgaW4gZ2FsYXh5IGZvcm1hdGlvbgAAEwABLwAAFQACAA7//wAAAAgADQAaACQAXwAAAAAAAAIBAAAAAAAAAAUAAAAAAAAAAAAAAAAAAAJV},
	Bdsk-Url-1 = {https://doi.org/10.1146/annurev-astro-081913-040019},
	Bdsk-Url-2 = {http://arxiv.org/abs/1612.06891},
	Bdsk-Url-3 = {http://adsabs.harvard.edu/abs/2017ARA26A..55...59N}}


@ARTICLE{ neugebauer84a,
       author = {{Neugebauer}, G. and {Habing}, H.~J. and {van Duinen}, R. and
         {Aumann}, H.~H. and {Baud}, B. and {Beichman}, C.~A. and
         {Beintema}, D.~A. and {Boggess}, N. and {Clegg}, P.~E. and
         {de Jong}, T. and {Emerson}, J.~P. and {Gautier}, T.~N. and
         {Gillett}, F.~C. and {Harris}, S. and {Hauser}, M.~G. and
         {Houck}, J.~R. and {Jennings}, R.~E. and {Low}, F.~J. and
         {Marsden}, P.~L. and {Miley}, G. and {Olnon}, F.~M. and
         {Pottasch}, S.~R. and {Raimond}, E. and {Rowan-Robinson}, M. and
         {Soifer}, B.~T. and {Walker}, R.~G. and {Wesselius}, P.~R. and
         {Young}, E.},
        title = "{The Infrared Astronomical Satellite (IRAS) mission.}",
      journal = {\apjl},
     keywords = {Infrared Astronomy Satellite, Satellite-Borne Instruments, Spaceborne Astronomy, Calibrating, Cryogenic Cooling, Data Reduction, Focal Plane Devices, Infrared Telescopes, Spaceborne Telescopes, Astronomy},
         year = 1984,
        month = mar,
       volume = {278},
        pages = {L1-L6},
          doi = {10.1086/184209},
       adsurl = {https://ui.adsabs.harvard.edu/abs/1984ApJ...278L...1N},
      adsnote = {Provided by the SAO/NASA Astrophysics Data System}
}

@ARTICLE{ wright10a,
   author = {{Wright}, E.~L. and {Eisenhardt}, P.~R.~M. and {Mainzer}, A.~K. and 
	{Ressler}, M.~E. and {Cutri}, R.~M. and {Jarrett}, T. and {Kirkpatrick}, J.~D. and 
	{Padgett}, D. and {McMillan}, R.~S. and {Skrutskie}, M. and 
	{Stanford}, S.~A. and {Cohen}, M. and {Walker}, R.~G. and {Mather}, J.~C. and 
	{Leisawitz}, D. and {Gautier}, T.~N. and {McLean}, I. and {Benford}, D. and 
	{Lonsdale}, C.~J. and {Blain}, A. and {Mendez}, B. and {Irace}, W.~R. and 
	{Duval}, V. and {Liu}, F. and {Royer}, D. and {Heinrichsen}, I. and 
	{Howard}, J. and {Shannon}, M. and {Kendall}, M. and {Walsh}, A.~L. and 
	{Larsen}, M. and {Cardon}, J.~G. and {Schick}, S. and {Schwalm}, M. and 
	{Abid}, M. and {Fabinsky}, B. and {Naes}, L. and {Tsai}, C.-W.
	},
    title = "{The Wide-field Infrared Survey Explorer (WISE): Mission Description and Initial On-orbit Performance}",
  journal = {\aj},
archivePrefix = "arXiv",
   eprint = {1008.0031},
 primaryClass = "astro-ph.IM",
 keywords = {infrared: general, space vehicles, surveys},
     year = 2010,
    month = dec,
   volume = 140,
    pages = {1868-1881},
      doi = {10.1088/0004-6256/140/6/1868},
   adsurl = {http://adsabs.harvard.edu/abs/2010AJ....140.1868W},
  adsnote = {Provided by the SAO/NASA Astrophysics Data System}
}

@ARTICLE{ bundy15a,
   author = {{Bundy}, K. and {Bershady}, M.~A. and {Law}, D.~R. and {Yan}, R. and 
	{Drory}, N. and {MacDonald}, N. and {Wake}, D.~A. and {Cherinka}, B. and 
	{S{\'a}nchez-Gallego}, J.~R. and {Weijmans}, A.-M. and {Thomas}, D. and 
	{Tremonti}, C. and {Masters}, K. and {Coccato}, L. and {Diamond-Stanic}, A.~M. and 
	{Arag{\'o}n-Salamanca}, A. and {Avila-Reese}, V. and {Badenes}, C. and 
	{Falc{\'o}n-Barroso}, J. and {Belfiore}, F. and {Bizyaev}, D. and 
	{Blanc}, G.~A. and {Bland-Hawthorn}, J. and {Blanton}, M.~R. and 
	{Brownstein}, J.~R. and {Byler}, N. and {Cappellari}, M. and 
	{Conroy}, C. and {Dutton}, A.~A. and {Emsellem}, E. and {Etherington}, J. and 
	{Frinchaboy}, P.~M. and {Fu}, H. and {Gunn}, J.~E. and {Harding}, P. and 
	{Johnston}, E.~J. and {Kauffmann}, G. and {Kinemuchi}, K. and 
	{Klaene}, M.~A. and {Knapen}, J.~H. and {Leauthaud}, A. and 
	{Li}, C. and {Lin}, L. and {Maiolino}, R. and {Malanushenko}, V. and 
	{Malanushenko}, E. and {Mao}, S. and {Maraston}, C. and {McDermid}, R.~M. and 
	{Merrifield}, M.~R. and {Nichol}, R.~C. and {Oravetz}, D. and 
	{Pan}, K. and {Parejko}, J.~K. and {Sanchez}, S.~F. and {Schlegel}, D. and 
	{Simmons}, A. and {Steele}, O. and {Steinmetz}, M. and {Thanjavur}, K. and 
	{Thompson}, B.~A. and {Tinker}, J.~L. and {van den Bosch}, R.~C.~E. and 
	{Westfall}, K.~B. and {Wilkinson}, D. and {Wright}, S. and {Xiao}, T. and 
	{Zhang}, K.},
    title = "{Overview of the SDSS-IV MaNGA Survey: Mapping nearby Galaxies at Apache Point Observatory}",
  journal = {\apj},
archivePrefix = "arXiv",
   eprint = {1412.1482},
 keywords = {galaxies: evolution, galaxies: general, surveys, techniques: imaging spectroscopy},
     year = 2015,
    month = jan,
   volume = 798,
      eid = {7},
    pages = {7},
      doi = {10.1088/0004-637X/798/1/7},
   adsurl = {http://adsabs.harvard.edu/abs/2015ApJ...798....7B},
  adsnote = {Provided by the SAO/NASA Astrophysics Data System}
}

@article{bianchi14a,
	Abstract = {The Galaxy Evolution Explorer (GALEX) has performed the first surveys of the sky in the ultraviolet (UV). Its legacy is an unprecedented database with more than 200 million source measurements in far-UV (FUV) and near-UV (NUV), as well as wide-field imaging of extended objects, filling an important gap in our view of the sky across the electromagnetic spectrum. The UV surveys offer unique sensitivity for identifying and studying selected classes of astrophysical objects, both stellar and extra-galactic. We examine the overall content and distribution of UV sources over the sky, and with magnitude and color. For this purpose, we have constructed final catalogs of UV sources with homogeneous quality, eliminating duplicate measurements of the same source. Such catalogs can facilitate a variety of investigations on UV-selected samples, as well as planning of observations with future missions. We describe the criteria used to build the catalogs, their coverage and completeness. We included observations in which both the far-UV and near-UV detectors were exposed; 28,707 fields from the All-Sky Imaging survey (AIS) cover a unique area of 22,080 square degrees (after we restrict the catalogues to the central 1$\,^{\circ}$ diameter of the field), with a typical depth of ~20/21mag (FUV/NUV, in the AB mag system), and 3008 fields from the Medium-depth Imaging Survey (MIS) cover a total of 2251 square degrees at a depth of ~22.7mag. The catalogs contain ~71 and ~16.6 million sources, respectively. The density of hot stars reflects the Galactic structure, and the number counts of both Galactic and extra-galactic sources are modulated by the Milky Way dust extinction, to which the UV data are very sensitive.},
	Adsnote = {Provided by the SAO/NASA Astrophysics Data System},
	Adsurl = {http://adsabs.harvard.edu/abs/2014AdSpR..53..900B},
	Archiveprefix = {arXiv},
	Arxivurl = {http://arxiv.org/abs/1312.3281},
	Author = {{Bianchi}, L. and {Conti}, A. and {Shiao}, B.},
	Date-Added = {2018-05-15 15:28:52 +0000},
	Date-Modified = {2018-05-15 15:28:53 +0000},
	Eprint = {1312.3281},
	Journal = {Advances in Space Research},
	Month = mar,
	Pages = {900-912},
	Title = {{The ultraviolet sky: An overview from the GALEX surveys}},
	Volume = 53,
	Year = 2014,
	Bdsk-File-1 = {YnBsaXN0MDDSAQIDBFxyZWxhdGl2ZVBhdGhZYWxpYXNEYXRhXxBKYmlhbmNoaS8xNGJpYW5jaGlfYSB0aGUgdWx0cmF2aW9sZXQgc2t5IGFuIG92ZXJ2aWV3IGZyb20gdGhlIGdhbGV4IHN1cnZleXNPEQI4AAAAAAI4AAIAAAxNYWNpbnRvc2ggSEQAAAAAAAAAAAAAAAAAAAAAAAAAQkQAAf////8fMTRiaWFuY2hpX2EgdGhlIHVsdHJhdiNGRkZGRkZGRgAAAAAAAAAAAAAAAAAAAAAAAAAAAAAAAAAAAAAAAAAA/////wAAAAAAAAAAAAAAAAABAAMAAAogY3UAAAAAAAAAAAAAAAAAB2JpYW5jaGkAAAIAay86VXNlcnM6aW9hbm5pczpyZXNlYXJjaDpiaWJkZXNrOmJpYW5jaGk6MTRiaWFuY2hpX2EgdGhlIHVsdHJhdmlvbGV0IHNreSBhbiBvdmVydmlldyBmcm9tIHRoZSBnYWxleCBzdXJ2ZXlzAAAOAIYAQgAxADQAYgBpAGEAbgBjAGgAaQBfAGEAIAB0AGgAZQAgAHUAbAB0AHIAYQB2AGkAbwBsAGUAdAAgAHMAawB5ACAAYQBuACAAbwB2AGUAcgB2AGkAZQB3ACAAZgByAG8AbQAgAHQAaABlACAAZwBhAGwAZQB4ACAAcwB1AHIAdgBlAHkAcwAPABoADABNAGEAYwBpAG4AdABvAHMAaAAgAEgARAASAGlVc2Vycy9pb2FubmlzL3Jlc2VhcmNoL2JpYmRlc2svYmlhbmNoaS8xNGJpYW5jaGlfYSB0aGUgdWx0cmF2aW9sZXQgc2t5IGFuIG92ZXJ2aWV3IGZyb20gdGhlIGdhbGV4IHN1cnZleXMAABMAAS8AABUAAgAO//8AAAAIAA0AGgAkAHEAAAAAAAACAQAAAAAAAAAFAAAAAAAAAAAAAAAAAAACrQ==},
	Bdsk-Url-1 = {https://doi.org/10.1016/j.asr.2013.07.045},
	Bdsk-Url-2 = {http://arxiv.org/abs/1312.3281},
	Bdsk-Url-3 = {http://adsabs.harvard.edu/abs/2014AdSpR..53..900B}}


@ARTICLE{ ahumada20a,
       author = {{Ahumada}, Romina and {Prieto}, Carlos Allende and
         {Almeida}, Andr{\'e}s and {Anders}, Friedrich and {Anderson}, Scott F. and
         {Andrews}, Brett H. and {Anguiano}, Borja and {Arcodia}, Riccardo and
         {Armengaud}, Eric and {Aubert}, Marie and {Avila}, Santiago and
         {Avila-Reese}, Vladimir and {Badenes}, Carles and {Balland
        }, Christophe and {Barger}, Kat and {Barrera-Ballesteros}, Jorge K. and
         {Basu}, Sarbani and {Bautista}, Julian and {Beaton}, Rachael L. and
         {Beers}, Timothy C. and {Benavides}, B. Izamar T. and
         {Bender}, Chad F. and {Bernardi}, Mariangela and {Bershady}, Matthew and
         {Beutler}, Florian and {Bidin}, Christian Moni and {Bird}, Jonathan and
         {Bizyaev}, Dmitry and {Blanc}, Guillermo A. and {Blanton}, Michael R. and
         {Boquien}, M{\'e}d{\'e}ric and {Borissova}, Jura and {Bovy}, Jo and {Brand
        t}, W.~N. and {Brinkmann}, Jonathan and {Brownstein}, Joel R. and
         {Bundy}, Kevin and {Bureau}, Martin and {Burgasser}, Adam and
         {Burtin}, Etienne and {Cano-D{\'\i}az}, Mariana and
         {Capasso}, Raffaella and {Cappellari}, Michele and {Carrera}, Ricardo and
         {Chabanier}, Sol{\`e}ne and {Chaplin}, William and {Chapman}, Michael and
         {Cherinka}, Brian and {Chiappini}, Cristina and {Doohyun Choi}, Peter and
         {Chojnowski}, S. Drew and {Chung}, Haeun and {Clerc}, Nicolas and
         {Coffey}, Damien and {Comerford}, Julia M. and {Comparat}, Johan and
         {da Costa}, Luiz and {Cousinou}, Marie-Claude and {Covey}, Kevin and
         {Crane}, Jeffrey D. and {Cunha}, Katia and {Ilha}, Gabriele da Silva and
         {Dai}, Yu Sophia and {Damsted}, Sanna B. and {Darling}, Jeremy and
         {Davidson}, James W., Jr. and {Davies}, Roger and {Dawson}, Kyle and
         {De}, Nikhil and {de la Macorra}, Axel and {De Lee}, Nathan and
         {Queiroz}, Anna B{\'a}rbara de Andrade and {Deconto Machado}, Alice and
         {de la Torre}, Sylvain and {Dell'Agli}, Flavia and
         {du Mas des Bourboux}, H{\'e}lion and {Diamond-Stanic}, Aleksandar M. and
         {Dillon}, Sean and {Donor}, John and {Drory}, Niv and
         {Duckworth}, Chris and {Dwelly}, Tom and {Ebelke}, Garrett and
         {Eftekharzadeh}, Sarah and {Davis Eigenbrot}, Arthur and
         {Elsworth}, Yvonne P. and {Eracleous}, Mike and
         {Erfanianfar}, Ghazaleh and {Escoffier}, Stephanie and {Fan}, Xiaohui and
         {Farr}, Emily and {Fern{\'a}ndez-Trincado}, Jos{\'e} G. and
         {Feuillet}, Diane and {Finoguenov}, Alexis and {Fofie}, Patricia and
         {Fraser-McKelvie}, Amelia and {Frinchaboy}, Peter M. and
         {Fromenteau}, Sebastien and {Fu}, Hai and {Galbany}, Llu{\'\i}s and
         {Garcia}, Rafael A. and {Garc{\'\i}a-Hern{\'a}ndez}, D.~A. and
         {Oehmichen}, Luis Alberto Garma and {Ge}, Junqiang and
         {Maia}, Marcio Antonio Geimba and {Geisler}, Doug and {Gelfand
        }, Joseph and {Goddy}, Julian and {Gonzalez-Perez}, Violeta and
         {Grabowski}, Kathleen and {Green}, Paul and {Grier}, Catherine J. and
         {Guo}, Hong and {Guy}, Julien and {Harding}, Paul and
         {Hasselquist}, Sten and {Hawken}, Adam James and {Hayes}, Christian R. and
         {Hearty}, Fred and {Hekker}, S. and {Hogg}, David W. and
         {Holtzman}, Jon A. and {Horta}, Danny and {Hou}, Jiamin and
         {Hsieh}, Bau-Ching and {Huber}, Daniel and {Hunt}, Jason A.~S. and
         {Chitham}, J. Ider and {Imig}, Julie and {Jaber}, Mariana and
         {Angel}, Camilo Eduardo Jimenez and {Johnson}, Jennifer A. and
         {Jones}, Amy M. and {J{\"o}nsson}, Henrik and {Jullo}, Eric and
         {Kim}, Yerim and {Kinemuchi}, Karen and {Kirkpatrick}, Charles C., IV and
         {Kite}, George W. and {Klaene}, Mark and {Kneib}, Jean-Paul and
         {Kollmeier}, Juna A. and {Kong}, Hui and {Kounkel}, Marina and
         {Krishnarao}, Dhanesh and {Lacerna}, Ivan and {Lan}, Ting-Wen and
         {Lane}, Richard R. and {Law}, David R. and {Le Goff}, Jean-Marc and
         {Leung}, Henry W. and {Lewis}, Hannah and {Li}, Cheng and
         {Lian}, Jianhui and {Lin}, Lihwai and {Long}, Dan and
         {Longa-Pe{\~n}a}, Pen{\'e}lope and {Lundgren}, Britt and
         {Lyke}, Brad W. and {Ted Mackereth}, J. and {MacLeod}, Chelsea L. and
         {Majewski}, Steven R. and {Manchado}, Arturo and {Maraston}, Claudia and
         {Martini}, Paul and {Masseron}, Thomas and {Masters}, Karen L. and
         {Mathur}, Savita and {McDermid}, Richard M. and {Merloni}, Andrea and
         {Merrifield}, Michael and {M{\'e}sz{\'a}ros}, Szabolcs and
         {Miglio}, Andrea and {Minniti}, Dante and {Minsley}, Rebecca and
         {Miyaji}, Takamitsu and {Mohammad}, Faizan Gohar and {Mosser}, Benoit and
         {Mueller}, Eva-Maria and {Muna}, Demitri and
         {Mu{\~n}oz-Guti{\'e}rrez}, Andrea and {Myers}, Adam D. and
         {Nadathur}, Seshadri and {Nair}, Preethi and {Nandra}, Kirpal and
         {do Nascimento}, Janaina Correa and {Nevin}, Rebecca Jean and
         {Newman}, Jeffrey A. and {Nidever}, David L. and
         {Nitschelm}, Christian and {Noterdaeme}, Pasquier and
         {O'Connell}, Julia E. and {Olmstead}, Matthew D. and {Oravetz}, Daniel and
         {Oravetz}, Audrey and {Osorio}, Yeisson and {Pace}, Zachary J. and
         {Padilla}, Nelson and {Palanque-Delabrouille}, Nathalie and
         {Palicio}, Pedro A. and {Pan}, Hsi-An and {Pan}, Kaike and
         {Parker}, James and {Paviot}, Romain and {Peirani}, Sebastien and
         {Ram{\'r}ez}, Karla Pe{\~n}a and {Penny}, Samantha and
         {Percival}, Will J. and {Perez-Fournon}, Ismael and
         {P{\'e}rez-R{\`a}fols}, Ignasi and {Petitjean}, Patrick and
         {Pieri}, Matthew M. and {Pinsonneault}, Marc and
         {Poovelil}, Vijith Jacob and {Povick}, Joshua Tyler and
         {Prakash}, Abhishek and {Price-Whelan}, Adrian M. and
         {Raddick}, M. Jordan and {Raichoor}, Anand and {Ray}, Amy and
         {Rembold}, Sandro Barboza and {Rezaie}, Mehdi and {Riffel}, Rogemar A. and
         {Riffel}, Rog{\'e}rio and {Rix}, Hans-Walter and {Robin}, Annie C. and
         {Roman-Lopes}, A. and {Rom{\'a}n-Z{\'u}{\~n}iga}, Carlos and
         {Rose}, Benjamin and {Ross}, Ashley J. and {Rossi}, Graziano and {Rowland
        s}, Kate and {Rubin}, Kate H.~R. and {Salvato}, Mara and
         {S{\'a}nchez}, Ariel G. and {S{\'a}nchez-Menguiano}, Laura and
         {S{\'a}nchez-Gallego}, Jos{\'e} R. and {Sayres}, Conor and
         {Schaefer}, Adam and {Schiavon}, Ricardo P. and
         {Schimoia}, Jaderson S. and {Schlafly}, Edward and {Schlegel}, David and
         {Schneider}, Donald P. and {Schultheis}, Mathias and {Schwope}, Axel and
         {Seo}, Hee-Jong and {Serenelli}, Aldo and {Shafieloo}, Arman and
         {Shamsi}, Shoaib Jamal and {Shao}, Zhengyi and {Shen}, Shiyin and
         {Shetrone}, Matthew and {Shirley}, Raphael and
         {Aguirre}, V{\'\i}ctor Silva and {Simon}, Joshua D. and
         {Skrutskie}, M.~F. and {Slosar}, An{\v{z}}e and {Smethurst}, Rebecca and
         {Sobeck}, Jennifer and {Sodi}, Bernardo Cervantes and {Souto}, Diogo and
         {Stark}, David V. and {Stassun}, Keivan G. and {Steinmetz}, Matthias and
         {Stello}, Dennis and {Stermer}, Julianna and
         {Storchi-Bergmann}, Thaisa and {Streblyanska}, Alina and
         {Stringfellow}, Guy S. and {Stutz}, Amelia and {Su{\'a}rez}, Genaro and
         {Sun}, Jing and {Taghizadeh-Popp}, Manuchehr and {Talbot}, Michael S. and
         {Tayar}, Jamie and {Thakar}, Aniruddha R. and {Theriault}, Riley and
         {Thomas}, Daniel and {Thomas}, Zak C. and {Tinker}, Jeremy and
         {Tojeiro}, Rita and {Toledo}, Hector Hernandez and
         {Tremonti}, Christy A. and {Troup}, Nicholas W. and {Tuttle}, Sarah and
         {Unda-Sanzana}, Eduardo and {Valentini}, Marica and
         {Vargas-Gonz{\'a}lez}, Jaime and {Vargas-Maga{\~n}a}, Mariana and
         {V{\'a}zquez-Mata}, Jose Antonio and {Vivek}, M. and {Wake}, David and
         {Wang}, Yuting and {Weaver}, Benjamin Alan and {Weijmans}, Anne-Marie and
         {Wild}, Vivienne and {Wilson}, John C. and {Wilson}, Robert F. and
         {Wolthuis}, Nathan and {Wood-Vasey}, W.~M. and {Yan}, Renbin and
         {Yang}, Meng and {Y{\`e}che}, Christophe and {Zamora}, Olga and
         {Zarrouk}, Pauline and {Zasowski}, Gail and {Zhang}, Kai and
         {Zhao}, Cheng and {Zhao}, Gongbo and {Zheng}, Zheng and {Zheng}, Zheng and
         {Zhu}, Guangtun and {Zou}, Hu},
        title = "{The 16th Data Release of the Sloan Digital Sky Surveys: First Release from the APOGEE-2 Southern Survey and Full Release of eBOSS Spectra}",
      journal = {\apjs},
     keywords = {UAT:786, UAT:2002, UAT:1630, UAT:83, UAT:1624, UAT:1174, UAT:1378, Astrophysics - Astrophysics of Galaxies, Astrophysics - Cosmology and Nongalactic Astrophysics, Astrophysics - Instrumentation and Methods for Astrophysics},
         year = 2020,
        month = jul,
       volume = {249},
       number = {1},
          eid = {3},
        pages = {3},
          doi = {10.3847/1538-4365/ab929e},
archivePrefix = {arXiv},
       eprint = {1912.02905},
 primaryClass = {astro-ph.GA},
       adsurl = {https://ui.adsabs.harvard.edu/abs/2020ApJS..249....3A},
      adsnote = {Provided by the SAO/NASA Astrophysics Data System}
}


@ARTICLE{ dutton17a,
       author = {{Dutton}, Aaron A. and {Obreja}, Aura and {Wang}, Liang and
         {Gutcke}, Thales A. and {Buck}, Tobias and {Udrescu}, Silviu M. and
         {Frings}, Jonas and {Stinson}, Gregory S. and {Kang}, Xi and
         {Macci{\`o}}, Andrea V.},
        title = "{NIHAO XII: galactic uniformity in a {\ensuremath{\Lambda}}CDM universe}",
      journal = {\mnras},
     keywords = {methods: numerical, galaxies: fundamental parameters, galaxies: haloes, galaxies: kinematics and dynamics, dark matter, Astrophysics - Astrophysics of Galaxies},
         year = 2017,
        month = jun,
       volume = {467},
       number = {4},
        pages = {4937-4950},
          doi = {10.1093/mnras/stx458},
archivePrefix = {arXiv},
       eprint = {1610.06375},
 primaryClass = {astro-ph.GA},
       adsurl = {https://ui.adsabs.harvard.edu/abs/2017MNRAS.467.4937D},
      adsnote = {Provided by the SAO/NASA Astrophysics Data System}
}

@ARTICLE{ wadsley17a,
       author = {{Wadsley}, James W. and {Keller}, Benjamin W. and {Quinn}, Thomas R.},
        title = "{Gasoline2: a modern smoothed particle hydrodynamics code}",
      journal = {\mnras},
     keywords = {hydrodynamics, methods: numerical, Astrophysics - Instrumentation and Methods for Astrophysics, Astrophysics - Cosmology and Nongalactic Astrophysics},
         year = 2017,
        month = oct,
       volume = {471},
       number = {2},
        pages = {2357-2369},
          doi = {10.1093/mnras/stx1643},
archivePrefix = {arXiv},
       eprint = {1707.03824},
 primaryClass = {astro-ph.IM},
       adsurl = {https://ui.adsabs.harvard.edu/abs/2017MNRAS.471.2357W},
      adsnote = {Provided by the SAO/NASA Astrophysics Data System}
}

@ARTICLE{ wang15a,
       author = {{Wang}, Liang and {Dutton}, Aaron A. and {Stinson}, Gregory S. and
         {Macci{\`o}}, Andrea V. and {Penzo}, Camilla and {Kang}, Xi and
         {Keller}, Ben W. and {Wadsley}, James},
        title = "{NIHAO project - I. Reproducing the inefficiency of galaxy formation across cosmic time with a large sample of cosmological hydrodynamical simulations}",
      journal = {\mnras},
     keywords = {methods: numerical, galaxies: dwarf, galaxies: evolution, galaxies: formation, galaxies: spiral, cosmology: theory, Astrophysics - Astrophysics of Galaxies, Astrophysics - Cosmology and Nongalactic Astrophysics},
         year = 2015,
        month = nov,
       volume = {454},
       number = {1},
        pages = {83-94},
          doi = {10.1093/mnras/stv1937},
archivePrefix = {arXiv},
       eprint = {1503.04818},
 primaryClass = {astro-ph.GA},
       adsurl = {https://ui.adsabs.harvard.edu/abs/2015MNRAS.454...83W},
      adsnote = {Provided by the SAO/NASA Astrophysics Data System}
}


@ARTICLE{ maccio16a,
       author = {{Macci{\`o}}, Andrea V. and {Udrescu}, Silviu M. and {Dutton}, Aaron A. and
         {Obreja}, Aura and {Wang}, Liang and {Stinson}, Greg R. and {Kang}, Xi},
        title = "{NIHAO X: reconciling the local galaxy velocity function with cold dark matter via mock H I observations}",
      journal = {\mnras},
     keywords = {methods: numerical, galaxies: formation, galaxies: kinematics and dynamics, galaxies: structure, cosmology: theory, dark matter},
         year = 2016,
        month = nov,
       volume = {463},
       number = {1},
        pages = {L69-L73},
          doi = {10.1093/mnrasl/slw147},
       adsurl = {https://ui.adsabs.harvard.edu/abs/2016MNRAS.463L..69M},
      adsnote = {Provided by the SAO/NASA Astrophysics Data System}
}


@ARTICLE{ boquien19a,
       author = {{Boquien}, M. and {Burgarella}, D. and {Roehlly}, Y. and {Buat}, V. and
         {Ciesla}, L. and {Corre}, D. and {Inoue}, A.~K. and {Salas}, H.},
        title = "{CIGALE: a python Code Investigating GALaxy Emission}",
      journal = {\aap},
     keywords = {methods: data analysis, methods: numerical, methods: statistical, galaxies: general, Astrophysics - Astrophysics of Galaxies, Astrophysics - Instrumentation and Methods for Astrophysics},
         year = 2019,
        month = feb,
       volume = {622},
          eid = {A103},
        pages = {A103},
          doi = {10.1051/0004-6361/201834156},
archivePrefix = {arXiv},
       eprint = {1811.03094},
 primaryClass = {astro-ph.GA},
       adsurl = {https://ui.adsabs.harvard.edu/abs/2019A&A...622A.103B},
      adsnote = {Provided by the SAO/NASA Astrophysics Data System}
}
}
